1774 2782
127 528 144 559 5

108 854 146 877 10

109 1507 148 1528 20

499 143 607 181 PRO
640 145 678 179 P.
713 142 905 180 SESTIO
937 142 1153 179 ORATIO
1465 151 1490 186 4
1510 156 1528 187 9

165 252 408 299 coniecisset,
440 251 780 290 exterminandum
813 265 859 290 ex
888 251 951 288 illa
982 251 1077 288 urbe
1107 249 1262 288 curavit.
1323 250 1413 297 Qua
1442 250 1491 286 de

163 331 280 356 causa
309 325 347 355 et
376 325 460 355 tum
492 324 711 355 conventus
747 316 809 354 ille
840 318 1010 366 Capuae,
1044 314 1110 365 qui
1140 322 1297 365 propter
1326 315 1490 352 salutem

163 382 264 420 illius
285 382 391 420 urbis
412 383 620 419 consulatu
644 389 916 419 conservatam
944 393 1034 418 meo
1056 393 1118 418 me
1138 393 1261 418 unum
1283 387 1489 428 patronum

163 447 375 497 adoptavit,
398 446 490 484 huic
517 447 624 496 apud
652 460 716 484 me
738 448 778 483 P.
803 446 929 484 Sestio
957 444 1144 482 maximas
1173 444 1313 494 gratias
1344 443 1430 493 egit,
1454 450 1491 481 et

165 513 240 549 hoc
260 519 437 560 tempore
457 512 586 549 eidem
616 510 798 549 homines
824 510 985 548 nomine
1013 517 1256 547 commutato
1277 508 1406 546 coloni
1428 509 1491 546 de-

165 576 434 626 curionesque‚
460 576 660 614 fortissimi
679 584 799 626 atque
820 575 956 626 optimi
979 574 1058 620 viri,
1078 573 1315 612 beneficium
1336 576 1374 611 P.
1394 574 1491 611 Sesti

165 641 391 679 testimonio
425 643 636 688 declarant,
672 642 888 691 periculum
924 642 1083 679 decreto
1115 653 1186 678 suo
1221 641 1490 688 deprecantur.

166 706 315 753 Recita,
338 720 496 756 quaem,
522 709 565 745 L.
588 706 700 754 Sesti,
724 706 819 756 quid
841 706 1035 745 decrerint
1057 706 1218 755 Capuae
1247 704 1489 751 decuriones,
1516 721 1554 742 10

165 780 206 810 ut
240 773 316 810 iam
348 772 505 821 puerilis
540 781 607 810 tua
635 785 710 810 vox
745 771 866 822 possit
900 771 1049 820 aliquid
1079 770 1295 820 significare
1326 768 1493 807 inimicis

165 839 310 884 vestris,
327 837 528 887 quidnam,
545 851 635 875 cum
653 851 694 876 se
711 836 990 883 conroborarit,
1007 837 1190 874 effectura
1205 848 1290 874 esse
1303 836 1491 874 videatur.

166 904 455 941 DECVRIONVM
476 915 681 941 DECRETA.
734 905 828 940 Non
850 901 970 940 recito
987 902 1189 940 decretum
1211 900 1340 938 officio
1360 899 1493 948 aliquo

165 981 389 1018 expressum
411 968 620 1006 vicinitatis
649 975 716 1006 aut
746 967 951 1005 clientelae
980 974 1046 1004 aut
1076 965 1220 1015 hospiti
1251 964 1399 1015 publici
1427 972 1493 1003 aut

165 1033 391 1072 ambitionis
411 1042 478 1073 aut
498 1033 857 1072 commendationis
878 1032 1009 1082 gratia,
1032 1032 1102 1070 sed
1122 1030 1243 1069 recito
1263 1030 1493 1069 memoriam

167 1099 358 1148 perfuncti
375 1098 546 1148 periculi,
563 1098 896 1149 praedicationem
914 1096 1143 1147 amplissimi
1160 1097 1338 1142 benefici,
1356 1108 1492 1134 vocem

166 1163 268 1201 offici
285 1164 510 1213 praesentis,
527 1163 798 1202 testimonium
816 1162 1012 1213 praeteriti
1028 1161 1226 1212 temporis.
1272 1163 1403 1211 Atque
1420 1160 1493 1199 illis
1516 1171 1551 1192 11

167 1229 408 1278 temporibus
424 1229 584 1276 eisdem,
601 1242 691 1267 cum
708 1229 785 1266 iam
800 1229 979 1278 Capuam
996 1235 1103 1265 metu
1118 1226 1265 1265 Sestius
1279 1226 1491 1273 liberasset,

168 1294 303 1332 urbem
321 1302 478 1333 senatus
494 1302 613 1344 atque
629 1307 768 1333 omnes
782 1293 877 1332 boni
894 1294 1148 1343 deprehensis
1164 1300 1282 1342 atque
1299 1292 1493 1342 oppressis

168 1361 393 1399 domesticis
418 1360 597 1399 hostibus
624 1374 686 1398 me
707 1360 819 1398 duce'
836 1373 882 1398 ex
906 1358 1086 1408 periculis
1112 1357 1290 1396 maximis
1317 1358 1495 1396 extraxis-

168 1434 266 1473 sent,
284 1440 355 1476 ego
372 1426 506 1465 litteris
523 1428 564 1464 P.
584 1425 755 1464 Sestium
773 1427 910 1475 Capua
930 1423 1110 1462 arcessivi
1131 1437 1221 1461 cum
1243 1423 1308 1462 illo
1324 1423 1493 1461 exercitu

168 1504 286 1540 quem
302 1500 384 1529 turn
402 1504 535 1530 secum
553 1491 726 1529 habebat
741 1505 751 1538 3
780 1490 923 1540 quibus
940 1489 1003 1527 hic
1017 1489 1151 1527 litteris
1168 1488 1277 1527 lectis
1293 1489 1343 1527 ad
1357 1488 1492 1526 urbem

168 1557 374 1596 confestim
410 1557 629 1595 incredibili
662 1556 859 1595 celeritate
894 1556 1101 1594 advolavit.
1160 1556 1292 1604 Atque
1323 1561 1365 1592 ut
1396 1553 1495 1591 illius

168 1622 354 1671 temporis
392 1622 636 1660 atrocitatem
676 1622 870 1660 recordari
909 1620 1075 1670 possitis,
1109 1619 1242 1658 audite
1273 1619 1418 1657 litteras
1457 1626 1495 1656 et

169 1695 335 1725 vestram
366 1687 595 1725 memoriam
623 1688 673 1725 ad
700 1686 849 1725 timoris
877 1684 1071 1735 praeteriti
1095 1684 1373 1734 cogitationem
1399 1683 1495 1721 exci-

168 1760 256 1791 tate.
317 1754 531 1790 L1TTERAE
552 1753 785 1792 CICERONIS
807 1763 1014 1789 CONSVLIS.

224 1819 315 1856 Hoc
331 1819 502 1856 adventu
521 1819 561 1855 P.
582 1817 681 1856 Sesti
698 1817 943 1856 tribunorum
966 1814 1091 1865 plebis
1108 1827 1311 1861 novorum,
1330 1813 1493 1863 quitum
1513 1825 1537 1863 5

168 1883 347 1921 extremis
365 1883 505 1922 diebus
521 1884 748 1921 consulatus
770 1882 846 1921 mei
868 1895 927 1920 res
949 1895 1013 1920 eas
1031 1894 1127 1930 quas
1147 1892 1341 1930 gesseram
1358 1892 1494 1917 vexare

170 1949 392 1998 cupiebant,
411 1948 663 1998 reliquaeque
678 1946 958 1986 coniurationis
980 1946 1149 1995 impetus
1166 1953 1203 1983 et
1219 1952 1383 1983 conatus
1405 1950 1494 1981 sunt

168 2013 358 2051 retardati.
419 2015 477 2051 Ac
502 2021 639 2063 postea
663 2026 782 2063 quam
809 2021 867 2051 est
894 2012 1151 2057 intellectum,
1171 2011 1230 2047 M.
1254 2009 1408 2048 Catone
1435 2007 1494 2045 tri·
1517 2024 1552 2046 12

170 2077 276 2116 buno
308 2077 444 2128 plebis,
476 2078 688 2116 fortissimo
716 2086 836 2128 atque
870 2077 1021 2127 optimo
1057 2075 1151 2122 cive,
1183 2087 1264 2114 rem
1295 2073 1493 2124 publicam

211 2193 229 2221 4
256 2182 292 2214 P.
312 2183 423 2213 Sestio
439 2182 506 2214 secl.
522 2182 700 2212 Manutius
822 2192 840 2220 5
866 2181 991 2212 eidem]
1011 2181 1145 2220 quidem
1166 2180 1193 2211 G
1210 2190 1287 2209 corr.
1309 2179 1342 2208 in
1359 2177 1491 2216 quidam

168 2227 188 2255 8
214 2226 249 2256 L.
268 2226 482 2256 Holomamts
500 2225 561 2259 (ad
576 2226 671 2256 Fam.
690 2226 758 2255 xiii.
778 2226 811 2259 8)
831 2238 837 2255 ε
864 2225 898 2255 Ρ.
920 2224 1052 2256 PBHG
1190 2222 1403 2253 decreverint
1425 2220 1494 2250 HG

168 2279 188 2308 9
214 2269 351 2308 puerilis
369 2268 474 2299 schol.
491 2273 521 2299 et
539 2269 566 2299 G
582 2281 588 2299 :
614 2268 720 2299 virilis
735 2268 768 2298 P
783 2269 846 2299 rell.
983 2278 1021 2298 10
1044 2268 1167 2297 vestris
1185 2266 1242 2297 del.
1260 2265 1312 2297 ΡΞ.
1329 2275 1393 2294 om.
1413 2264 1491 2294 Bw:

169 2313 291 2343 nostris
312 2311 353 2342 G²
365 2312 419 2342 all.
516 2322 553 2342 12
579 2318 635 2342 aut
651 2312 812 2351 (tertium)
830 2311 928 2342 delere
943 2311 1045 2343 voluit
1060 2311 1220 2350 Pluygers
1313 2319 1349 2346 14
1376 2317 1491 2337 vocem

168 2356 296 2386 amicus
317 2355 456 2394 quidam
482 2355 658 2386 Lambini:
688 2356 794 2385 vicem
818 2355 906 2386 codd.
927 2367 933 2386 :
966 2355 1108 2385 indicem
1135 2353 1293 2391 Koechly:
1325 2351 1491 2381 vindicem

172 2398 296 2429 Urlichs
369 2400 407 2429 16
431 2398 536 2429 isdem
550 2399 582 2429 P
595 2400 646 2429 (ut
662 2399 820 2438 videtur‘,
838 2403 860 2429 Σ
950 2409 989 2437 25
1015 2403 1083 2428 tum
1103 2408 1165 2427 0111.
1183 2396 1287 2426 Sclml.
1380 2395 1420 2424 28
1446 2393 1490 2424 M.

168 2442 273 2482 suppl.
293 2441 395 2472 Orelli
