1774 2782
229 133 278 171 27
300 131 341 160 60
667 124 721 160 M.
755 123 922 159 TVLLI
956 121 1260 159 CICERONIS

300 232 501 282 providete
525 234 590 269 NE
618 244 686 268 REI
717 243 917 268 PVBUCAE
945 242 1093 268 sTA'rvs
1125 241 1440 275 COMMVTETVR3
1479 227 1624 266 etenim

299 297 360 334 vix
385 299 492 342 haec,
521 296 550 333 si
578 298 756 345 undique
781 296 988 333 fulciamus
1018 296 1094 332 iam
1127 295 1329 341 labefacta,
1357 294 1427 338 vix,
1451 294 1624 343 inquam,

230 366 279 401 28
301 363 389 398 nixa
410 361 449 397 in
476 360 653 397 omnium
682 367 859 397 nostrum
886 359 1030 397 umeris
1055 359 1334 397 cohaerebunt.
1394 360 1484 396 Fuit
1505 371 1627 407 quon-

239 884 277 916 61

247 1863 284 1893 62

299 426 389 463 dam
412 425 464 462 ita
484 426 595 461 firma
616 426 712 462 haec
732 424 867 462 civitas
888 432 926 462 et
946 426 1079 462 valens
1099 431 1142 461 ut
1162 422 1448 474 neglegentiam
1470 430 1626 460 senatus

299 491 359 527 vel
391 489 507 528 etiam
546 488 704 527 iniurias
738 489 882 527 civium
915 490 1012 527 ferre
1046 496 1188 538 posset.
1250 489 1335 526 Iam
1371 501 1451 525 non
1485 494 1624 536 potest.

300 555 504 593 Aerarium
526 556 677 592 nullum
699 562 768 601 est,
791 553 1047 604 vectigalibus
1068 567 1148 591 non
1170 554 1349 590 fruuntur
1368 551 1435 602 qui
1456 553 1628 590 redeme-

298 627 399 667 runt,
431 619 641 657 auctoritas
670 619 893 669 principum
923 619 1076 666 cecidit,
1108 632 1326 656 consensus
1356 617 1541 656 ordinum
1571 625 1628 656 est

297 684 485 730 divulsus,
522 683 666 722 iudicia
700 684 907 734 perierunt,
942 682 1122 733 suffragia
1159 682 1355 732 descripta
1392 690 1574 721 tenentur
1606 695 1629 720 a

298 749 445 800 paucis,
470 750 664 787 bonorum
685 749 841 787 animus
865 750 916 787 ad
941 756 1082 786 nutum
1106 747 1228 786 nostri
1255 747 1402 786 ordinis
1423 747 1627 797 expeditus

298 814 377 852 iam
398 828 480 852 non
505 814 586 861 erit,
610 814 735 852 civem
764 814 831 864 qui
862 828 903 853 se
924 827 994 863 pro
1020 813 1166 864 patriae
1192 814 1315 851 salute
1339 820 1515 862 opponat
1536 812 1629 850 invi-

300 880 388 919 diae
419 881 558 918 frustra
587 881 751 929 posthac
783 878 996 928 requiretis.
1058 880 1148 927 Qua
1178 892 1217 916 re
1252 879 1357 915 hunc
1388 885 1530 915 statum
1562 876 1629 927 qui

299 959 406 984 nunc
441 954 509 992 est,
547 946 846 994 qualiscumque
882 952 949 989 est,
987 945 1094 981 nulla
1127 943 1201 980 alia
1236 956 1275 980 re
1310 942 1383 979 nisi
1419 941 1630 980 concordia

300 1011 466 1049 retinere
487 1023 696 1060 possumus
713 1024 722 1056 3
751 1023 841 1046 nam
859 1017 901 1047 ut
922 1008 1082 1047 meliore
1099 1008 1219 1045 simus
1241 1009 1329 1045 loco
1347 1021 1395 1045 ne
1411 1008 1629 1056 optandum

301 1076 463 1126 quidem
492 1084 548 1113 est
574 1075 640 1112 illo
667 1074 888 1124 impunit03
918 1073 1111 1112 deteriore
1135 1081 1267 1111 autem
1299 1081 1401 1111 statu
1430 1081 1472 1111 ut
1496 1072 1627 1118 simus,

302 1156 403 1179 unus
425 1149 481 1179 est
509 1141 665 1179 inferior
689 1141 832 1190 gradus
853 1148 918 1177 aut
941 1138 1117 1177 interitus
1144 1146 1210 1176 aut
1232 1138 1450 1185 servitutis3
1480 1151 1559 1187 quo
1580 1150 1630 1176 ne

302 1209 503 1246 trudamur
521 1208 559 1245 di
582 1206 820 1243 immortales
838 1219 911 1243 nos
926 1206 1155 1249 admonent,
1172 1203 1358 1253 quoniam
1380 1203 1456 1241 iam
1478 1202 1629 1253 pridem

302 1274 476 1310 humana
507 1271 670 1309 consilia
703 1270 941 1309 ceciderunt.
1001 1271 1133 1319 Atque
1167 1283 1239 1319 ego
1270 1270 1372 1306 hanc
1400 1268 1629 1314 orationem,

303 1345 430 1387 patres
452 1336 674 1385 conscripti,
699 1344 776 1373 tam
800 1335 960 1382 tristem,
980 1342 1057 1372 tam
1080 1347 1234 1383 gravem
1256 1347 1337 1371 non
1358 1333 1628 1382 suscepissem,

303 1416 384 1440 non
414 1402 508 1451 quin
540 1403 642 1439 hanc
673 1414 880 1450 personam
913 1407 950 1438 et
985 1401 1054 1436 has
1089 1400 1218 1449 partis,
1251 1398 1466 1436 honoribus
1497 1397 1630 1448 populi

305 1467 485 1513 Romani,
510 1466 644 1504 vestris
673 1465 847 1515 plurimis
875 1463 1116 1502 ornamentis
1143 1463 1236 1501 mihi
1259 1462 1422 1509 tributis,
1446 1462 1629 1501 deberem

304 1540 341 1570 et
362 1545 517 1582 possem
540 1530 740 1577 sustinere,
765 1531 833 1568 sed
856 1538 987 1567 tamen
1012 1529 1124 1567 facile
1145 1528 1366 1566 tacentibus
1387 1527 1524 1566 ceteris
1544 1527 1632 1566 reti-

304 1596 498 1643 cuissem3
528 1597 597 1634 sed
623 1597 720 1633 haec
747 1594 871 1632 oratio
898 1593 1027 1631 omnis
1053 1593 1123 1631 suit
1145 1607 1225 1631 non
1246 1591 1487 1630 auctoritatis
1510 1605 1630 1640 meae,

305 1662 374 1699 sed
402 1660 584 1710 publicae
611 1659 819 1710 religionis.
882 1660 973 1696 Mea
1003 1660 1157 1696 fuerunt
1183 1657 1299 1695 verba
1326 1659 1486 1695 sortasse
1510 1659 1630 1707 plura,

305 1725 523 1764 sententiae
553 1725 713 1774 quidem
746 1737 885 1761 omnes
916 1723 1176 1772 haruspicum,
1199 1724 1250 1761 ad
1280 1736 1379 1772 quos
1408 1730 1474 1760 aut
1504 1722 1632 1760 referri

306 1790 485 1828 nuntiata
505 1797 659 1827 ostenta
680 1802 761 1826 non
787 1789 971 1827 convenit
998 1796 1063 1826 aut
1087 1802 1220 1826 eorum
1243 1787 1439 1837 responsis
1461 1801 1633 1825 Commo-

307 1855 384 1892 veri
407 1868 567 1893 necesse
584 1862 652 1892 est.
714 1855 835 1903 Quod
853 1853 882 1890 si
901 1861 1029 1891 cetera
1052 1853 1173 1903 magis
1190 1855 1414 1903 pervulgata
1430 1866 1501 1890 nos
1517 1865 1634 1902 saepe

307 1928 343 1958 et
379 1919 523 1958 leviora
554 1928 771 1965 moverunt,
811 1932 884 1956 vox
922 1919 1004 1968 ipsa
1043 1920 1207 1956 deorum
1240 1917 1517 1955 immortalium
1554 1930 1635 1955 non

306 1986 448 2022 mentis
462 1984 638 2021 omnium
658 1983 903 2034 permovebit
920 1986 936 2021 P
986 1983 1119 2021 Nolite
1132 1982 1236 2020 enim
1254 1982 1293 2020 id
1307 1990 1442 2031 putare
1458 1980 1636 2019 accidere

307 2063 422 2099 posse
443 2051 551 2099 quod
574 2049 612 2086 in
631 2049 773 2087 fabulis
796 2062 911 2098 saepe
933 2048 1072 2086 videtis
1094 2047 1185 2094 fieri,
1209 2055 1250 2085 ut
1271 2049 1369 2085 deus
1388 2046 1509 2096 aliqui
1530 2047 1635 2084 dela-

307 2128 400 2165 psus
421 2116 470 2152 de
492 2116 602 2152 caelo
623 2122 759 2152 coetus
780 2114 986 2152 hominum
1007 2114 1133 2159 adeat,
1158 2120 1329 2150 versetur
1350 2111 1388 2149 in
1410 2110 1528 2158 terris,
1544 2124 1635 2148 cum

308 2179 533 2218 hominibus
556 2180 829 2228 conloquatur.
891 2177 1071 2228 Cogitate
1096 2190 1220 2227 genus
1241 2176 1393 2215 sonitus
1414 2175 1496 2214 eius
1517 2188 1635 2225 quem

310 2245 553 2284 Latinienses
582 2244 821 2289 nuntiarunt,
851 2242 1112 2281 recordamini
1138 2241 1235 2280 illud
1262 2241 1379 2280 etiam
1407 2241 1516 2290 quod
1544 2253 1637 2278 non-

308 2311 402 2348 dum
430 2318 487 2348 est
516 2310 692 2356 relatum,
714 2309 821 2358 quod
851 2309 992 2346 eodem
1021 2308 1098 2345 fere
1124 2315 1300 2356 tempore
1328 2308 1452 2343 factus
1479 2304 1518 2342 in
1544 2317 1637 2354 agro

394 2425 436 2454 29
460 2414 579 2454 aliquis
595 2413 683 2445 Mb&-
702 2414 814 2451 (Prov.
835 2413 931 2443 Cous.
954 2413 1040 2451 §143
1174 2421 1215 2450 32
1241 2411 1340 2441 etiarn
1358 2410 1438 2441 illud
1455 2409 1542 2440 EMc

1653 831 1689 853 10

1655 1155 1689 1185 ¹5

1655 1481 1694 1502 20

1655 1803 1694 1834 ²5

1657 2124 1696 2154 30
