1774 2782
346 162 418 199 DE
450 161 779 201 PROVINCIIS
812 161 1238 200 CONSVLARIBVS
1267 160 1484 200 ORATIO
1523 170 1576 196 20

308 270 535 309 Extremum
566 271 661 309 illud
692 278 761 309 est.
822 272 920 321 Ego,
952 271 982 308 si
1017 278 1148 310 essent
1184 268 1450 323 [inimicitiae]
1482 272 1576 309 mihi

251 346 342 372 curn
363 333 408 373 C.
433 336 610 381 Caesare,
635 342 768 373 tamen
789 336 865 373 hoc
886 343 1064 385 tempore
1086 336 1138 374 rei
1160 335 1342 386 publicae
1360 336 1575 382 consulere,

252 397 474 436 inimicitias
491 400 531 436 in
545 400 652 437 aliud
669 406 824 449 tempus
841 412 1034 438 reservare
1049 400 1235 438 deberem
1251 414 1261 448 ,-
1287 412 1443 450 possem
1459 400 1577 438 etiam

251 476 494 501 summorum
519 464 691 501 virorum
716 465 898 514 exemplo
924 465 1148 502 inimicitias
1173 466 1226 503 rei
1255 464 1436 514 publicae
1460 477 1578 502 causa

213 542 229 574 5
250 528 460 577 deponere.
521 529 598 566 Sed
628 541 719 566 curn
750 530 977 567 inimicitiae
1012 530 1154 568 fuerint
1179 542 1408 578 numquam,
1440 528 1574 578 opinio

251 593 413 630 iniuriae
443 591 637 630 beneficio
667 592 714 630 sit
745 592 945 640 exstincta,
978 595 1172 632 sententia
1202 606 1299 640 mea,
1331 600 1458 643 patres
1487 606 1578 631 con-

251 658 392 707 scripti,
412 657 443 695 si
464 657 631 707 dignitas
651 658 777 707 agitur
797 657 986 705 Caesaris,
1006 659 1157 696 homini
1178 658 1345 696 tribuam
1363 672 1372 705 ;
1401 659 1431 696 si
1449 659 1577 696 honos

250 721 422 771 quidam,
447 730 605 760 senatus
633 722 869 761 concordiae
894 724 1124 770 consulam3
1153 722 1184 760 si
1210 724 1419 761 auctoritas
1444 723 1577 761 decre-

250 793 378 824 torum
408 793 635 833 vestrorum,
668 788 931 825 constantiam
968 787 1115 826 ordinis
1145 788 1184 824 in
1220 788 1362 826 eodem
1397 788 1577 825 ornando

193 866 230 887 10
250 852 482 900 imperatore
509 851 698 899 servabo;
732 851 763 889 si
791 859 980 901 perpetua
1011 853 1109 890 ratio
1133 851 1273 889 Gallici
1298 852 1401 898 belli,
1425 851 1477 889 rei
1507 864 1577 900 pu-

249 916 375 954 blicae
399 916 644 965 provideb03
678 917 709 954 si
732 917 895 966 aliquod
923 929 1056 955 meum
1082 917 1274 965 privatum
1305 917 1487 962 officium,
1512 929 1576 953 mc

249 994 328 1020 non
364 980 556 1031 ingratum
591 994 676 1020 esse
709 981 929 1031 praestabo.
987 983 1120 1031 Atque
1151 981 1227 1018 hoc
1261 981 1376 1018 velim
1411 980 1576 1030 probare

249 1046 446 1092 omnibus,
469 1054 597 1096 patres
617 1047 829 1096 conscripti
848 1060 857 1093 ς
885 1046 957 1085 sed
980 1046 1176 1084 levissime
1197 1046 1318 1084 feram
1339 1045 1371 1083 si
1391 1046 1489 1083 forte
1509 1052 1576 1083 aut

250 1113 293 1148 iis
326 1110 455 1149 minus
485 1111 652 1161 probaro
681 1110 749 1161 qui
779 1124 912 1149 meum
942 1110 1147 1149 inimicum
1177 1117 1420 1160 repugnante
1449 1117 1576 1148 vestra

191 1188 227 1220 15
248 1177 478 1214 auctoritate
502 1183 691 1223 texerunt,
720 1183 787 1214 aut
810 1175 867 1223 iis,
891 1175 923 1214 si
943 1175 1010 1226 qui
1040 1189 1173 1214 meum
1198 1189 1289 1214 cum
1318 1174 1478 1212 inimico
1502 1188 1575 1214 suo

248 1242 417 1280 reditum
448 1242 486 1279 in
511 1243 672 1291 gratiam
697 1241 984 1291 vituperabunt,
1010 1254 1100 1278 cum
1130 1240 1202 1290 ipsi
1232 1248 1270 1278 et
1299 1252 1389 1277 curn
1421 1253 1509 1278 meo
1537 1248 1574 1278 et

247 1319 338 1344 cuin
358 1319 430 1345 suo
450 1305 611 1345 inimico
632 1307 671 1344 in
691 1307 854 1356 gratiam
871 1320 951 1345 non
973 1306 1188 1345 dubitarint
1209 1305 1345 1344 redire.

295 1421 308 1440 1
335 1416 386 1440 est
403 1420 477 1440 cum
495 1421 557 1449 ego
575 1408 663 1440 codd.
713 1409 806 1439 Num
820 1414 869 1440 est
883 1410 974 1448 quod
988 1411 1075 1449 ego?
1153 1408 1343 1439 inimicitiae
1358 1407 1397 1437 H
1410 1408 1481 1439 alh:
1508 1419 1570 1438 0111.

248 1452 370 1484 ΡΒΣίε
396 1463 450 1491 εζςνο
466 1453 582 1484 seclusi
715 1463 734 1492 5
762 1454 829 1483 Sed
848 1452 1029 1494 Angelius:
1057 1457 1090 1483 et
1107 1452 1193 1484 codd.
1327 1454 1347 1483 6
1371 1452 1574 1482 sententiam

249 1507 356 1528 meam
377 1495 438 1527 GE
558 1506 594 1536 15
619 1497 645 1527 si
665 1507 730 1527 om.
754 1495 845 1534 GEb,
863 1495 969 1537 Soros

1599 173 1642 207 47

1599 246 1653 274 20

1598 305 1641 340 47
