1774 2782
163 143 379 182 ORATIO
402 143 538 182 POST
561 143 825 180 REDITVM
850 143 909 180 IN
932 142 1150 179 SENATV
1176 143 1391 178 HABITA
1463 141 1486 177 8
1509 157 1545 178 22

160 257 300 293 serrum
329 256 514 305 perficere
542 256 743 305 potuisset,
772 267 906 292 mense
930 255 1111 292 Ianuario
1139 262 1314 291 nostrum
1344 261 1486 291 statum

158 322 510 370 reciperassemus3
540 333 657 369 quem
685 320 735 357 ad
763 321 927 357 salutem
959 332 1086 357 meam
1115 320 1293 356 voluntas
1322 317 1485 367 impulit,

158 385 216 423 vis
244 386 461 432 retardavit,
489 384 699 422 auctoritas
730 393 856 422 vestra
884 385 1089 422 revocavit.
1152 385 1233 421 Iam
1263 397 1354 421 vero
1384 396 1488 432 prae·
1509 390 1535 426 9

159 458 261 488 tores
283 463 363 499 quo
383 449 516 487 animo
538 449 576 486 in
598 462 661 487 me
682 448 823 487 suerint
845 462 913 487 vos
942 449 1161 487 existimare
1182 448 1372 497 potuistis,
1397 462 1485 485 cum

121 526 139 556 5
160 517 203 553 L.
238 514 432 554 Caecilius
472 514 650 563 privatim
691 526 754 552 me
794 513 872 551 suis
912 512 1096 551 omnibus
1135 512 1257 562 copiis
1297 513 1488 550 studuerit

158 587 389 627 sustentare,
413 578 571 628 publice
599 579 852 629 promulgarit
873 579 923 616 de
951 592 1038 616 mea
1059 579 1182 615 salute
1203 591 1292 615 cum
1315 577 1487 626 conlegis

157 658 283 695 paene
301 644 495 690 omnibuS,
515 644 777 694 direptoribus
797 651 928 681 autem
952 644 1147 681 bonorum
1168 656 1345 680 meorum
1368 642 1407 679 in
1429 642 1486 679 ius

157 711 329 749 adeundi
358 717 592 760 potestatem
616 722 696 747 non
717 709 862 747 fecerit.
923 711 979 746 M.
1001 716 1132 746 autem
1155 707 1331 747 Calidius
1357 709 1485 745 statim

158 774 383 825 designatus
418 774 611 813 sententia
645 788 713 812 sua
748 787 866 823 quam
902 781 1003 811 esset
1035 786 1123 811 cara
1158 772 1230 810 sibi
1264 785 1350 810 mea
1385 774 1487 809 salus

104 856 140 877 ιο
159 841 378 878 declaravit.
439 839 583 878 Omnia
614 840 739 877 officia
766 840 808 878 C.
834 838 1007 888 Septimi,
1040 840 1088 887 Q.
1113 838 1254 885 Valeri,
1279 840 1319 875 P.
1345 838 1484 884 Crassi,
1514 857 1523 876 ρ

158 907 244 944 Sex.
268 905 470 954 Quinctili‚
491 907 534 945 C.
558 905 722 945 Cornuti
752 918 904 942 summa
926 913 963 943 ct
984 904 1024 942 in
1049 918 1112 943 me
1141 912 1179 942 et
1200 904 1238 941 in
1261 917 1341 942 rem
1364 904 1488 954 publi-

157 984 243 1008 cam
267 970 538 1008 constiterunt.

211 1038 325 1085 Quae
362 1049 451 1074 cum
484 1035 650 1074 libenter
684 1049 964 1083 commemoro,
997 1043 1080 1074 tum
1113 1049 1192 1074 non
1229 1034 1371 1072 invitus
1407 1047 1487 1072 non

158 1102 353 1139 nullorum
382 1102 420 1138 in
446 1114 509 1138 me
536 1101 682 1139 nefarie
709 1100 920 1139 commissa
940 1108 1152 1151 praetereo.
1214 1102 1305 1138 Non
1332 1107 1388 1137 est
1411 1100 1486 1138 mei

102 1179 138 1210 ¹5
159 1167 343 1216 temporis
360 1165 517 1202 iniurias
536 1167 772 1213 meminisse,
789 1179 886 1215 quas
903 1179 976 1215 ego
990 1165 1106 1203 etiam
1122 1165 1150 1202 si
1167 1164 1299 1202 ulcisci
1317 1178 1486 1214 possem,

158 1238 290 1268 tamen
310 1230 487 1268 oblivisci
512 1232 668 1268 mallem
687 1247 693 1269 :
724 1231 801 1268 alio
822 1232 1090 1269 transferenda
1110 1243 1198 1268 mea
1218 1237 1298 1268 tota
1319 1230 1397 1267 vita
1417 1238 1485 1278 est,

157 1303 200 1333 ut
225 1296 325 1334 bene
353 1296 402 1334 de
430 1309 493 1333 me
522 1295 667 1333 meritis
695 1297 857 1334 referam
885 1295 1060 1345 gratiam,
1083 1294 1273 1332 amicitias
1301 1294 1378 1344 igni
1407 1308 1487 1344 per-

159 1368 310 1409 spectas
339 1367 458 1407 tuear,
491 1373 581 1398 cum
611 1360 753 1410 apertis
783 1359 963 1398 hostibus
993 1360 1140 1398 bellum
1170 1373 1312 1409 geram,
1340 1359 1487 1397 timidis

157 1424 292 1462 amicis
323 1424 535 1474 ignoscam,
564 1426 781 1474 proditores
811 1424 995 1472 indicem,
1026 1426 1203 1463 dolorem
1234 1424 1486 1474 profectionis

100 1503 140 1525 20
159 1503 268 1528 meae
289 1491 434 1528 reditus
452 1491 641 1540 dignitate
662 1491 851 1528 consoler.
898 1491 1018 1539 Quod
1040 1490 1071 1528 si
1093 1490 1187 1527 mibi
1209 1491 1358 1527 nullum
1380 1490 1485 1528 aliud

159 1563 260 1593 esset
280 1556 451 1593 officium
474 1555 512 1593 in
534 1555 642 1593 omni
659 1557 735 1593 vita
757 1555 949 1605 reliquum
972 1555 1046 1593 nisi
1067 1563 1109 1593 ut
1130 1569 1219 1605 erga
1239 1557 1359 1594 duces
1382 1555 1486 1605 ipsos

157 1628 194 1658 et
210 1619 405 1670 principes
422 1628 540 1670 atque
556 1628 734 1658 auctores
752 1620 885 1659 salutis
902 1634 1012 1659 meae
1030 1620 1121 1658 satis
1137 1628 1267 1670 gratus
1285 1622 1484 1667 iudicarer‚

157 1693 289 1724 tamen
319 1686 501 1735 exiguum
533 1685 705 1734 reliquae
735 1685 835 1724 vitae
865 1694 1020 1736 tempus
1051 1699 1131 1723 non
1163 1687 1284 1724 modo
1313 1687 1363 1723 ad
1397 1687 1488 1723 refe-

157 1751 320 1789 rendam
351 1764 486 1789 verum
522 1750 639 1789 etiam
674 1752 724 1788 ad
760 1752 1152 1789 commemorandam
1191 1752 1353 1800 gratiam
1393 1750 1487 1788 mihi

98 1828 137 1859 25
157 1815 335 1853 relictum
357 1824 546 1865 putarem.
593 1817 766 1864 Quando
788 1816 890 1853 enim
914 1829 987 1866 ego
1008 1816 1099 1853 huic
1120 1815 1270 1854 homini
1292 1829 1337 1853 ac
1359 1816 1487 1854 liberis

157 1879 252 1928 eius,
273 1881 435 1930 quando
457 1893 595 1918 omnes
617 1881 692 1918 mei
714 1881 875 1930 gratiam
898 1883 1094 1919 referent?
1152 1883 1265 1929 Quae
1286 1882 1484 1926 memoria,

156 1958 259 1996 quae
277 1944 335 1983 vis
362 1945 502 1995 ingeni,
527 1959 628 1995 quae
656 1947 886 1995 magnitudo
909 1946 1180 1984 observantiae
1208 1954 1265 1984 tot
1293 1947 1487 1995 tantisque

157 2009 359 2049 beneficiis
389 2011 627 2060 respondere
657 2011 827 2060 poterit?
862 2011 928 2061 qui
959 2011 1054 2049 mihi
1085 2011 1232 2061 primus
1263 2011 1421 2049 adflicto
1450 2018 1486 2048 et

157 2074 300 2115 iacenti
332 2077 579 2114 consularem
614 2076 733 2114 fidem
769 2077 1024 2126 dextramque
1056 2076 1234 2126 porrexit,
1270 2076 1335 2125 qui
1372 2089 1434 2113 me
1466 2089 1488 2112 a

99 2156 139 2186 30
158 2149 283 2180 morte
302 2142 352 2180 ad
369 2141 498 2188 vitam,
517 2154 540 2179 a
555 2140 827 2191 desperatione
848 2142 898 2179 ad
915 2155 1036 2191 spem,
1055 2142 1104 2179 ab
1123 2141 1239 2179 exitio
1255 2143 1305 2179 ad
1323 2143 1484 2179 salutem

158 2208 320 2254 vocavit,
345 2208 410 2257 qui
432 2214 542 2245 tanto
564 2220 697 2244 amore
719 2207 756 2244 in
780 2220 852 2253 me,
877 2207 1009 2244 studio
1030 2208 1068 2244 in
1090 2220 1170 2244 rem
1194 2206 1389 2256 publicam
1416 2206 1486 2243 suit

201 2312 287 2341 8-10
311 2310 404 2340 Num
424 2311 551 2347 secer-it,
574 2334 580 2341 .
603 2333 610 2341 .
629 2335 634 2341 .
653 2311 852 2340 declararit?
1041 2321 1076 2349 17
1102 2311 1249 2340 amicitia
1274 2310 1370 2348 segni
1397 2309 1488 2338 P²sst

160 2355 198 2383 18
223 2360 320 2384 tuear
337 2365 387 2384 ee:
412 2359 492 2384 tuen
511 2353 544 2383 P
560 2355 656 2395 (corr.
677 2358 768 2392 tune)
786 2365 791 2383 ;
818 2355 851 2385 t&
866 2354 897 2383 B
916 2354 1094 2392 [amicitias
1115 2379 1120 2384 .
1141 2377 1147 2384 .
1162 2378 1168 2384 .
1185 2359 1279 2384 tuear
1299 2364 1365 2384 om.
1383 2352 1483 2391 HGs)

165 2408 200 2436 ¹9
224 2397 367 2428 indicem
399 2398 532 2437 scripffl':
557 2407 625 2428 non
654 2397 797 2428 indicem
832 2397 920 2427 codd.
953 2409 959 2427 :
986 2407 1052 2427 non
1084 2396 1253 2427 vindicem
1284 2400 1321 2426 ul
1348 2396 1482 2426 Hotom.

159 2441 204 2470 ila
217 2441 255 2470 b:
278 2442 442 2471 vindicem
462 2440 597 2472 Mada:
626 2441 824 2470 convincam
844 2440 953 2471 Mnrll.
1084 2450 1120 2479 31
1151 2440 1317 2470 revocavit
1338 2439 1400 2469 [2²⁴3-

1511 1506 1548 1536 24
