1774 2782
194 529 210 559 5

175 851 214 873 10

177 1175 212 1207 Ι5

176 1499 215 1521 20

408 143 519 181 PRO
551 144 593 180 L.
627 141 919 182 CORNELIO
951 141 1134 180 BALBO
1165 141 1379 179 ORATIO
1503 149 1554 186 23

232 253 297 302 Sp.
314 251 452 292 Cassio
474 254 664 290 Postumo
686 250 870 290 Cominio
891 249 1119 288 consulibus
1140 249 1227 299 quis
1248 250 1426 299 ignorat?
1447 250 1555 299 quod

232 318 393 366 quidem
423 330 546 367 nuper
576 318 614 354 in
644 318 829 354 columna
858 317 1007 354 ahenea
1037 316 1287 353 meminimus
1317 322 1405 364 post
1435 322 1556 352 rostra

232 383 398 420 incisum
414 390 452 421 et
467 382 723 433 perscriptum
746 383 873 420 fuisse.
918 383 1010 430 Quo
1026 381 1146 418 modo
1161 382 1274 430 igitur
1293 382 1333 418 L.
1352 381 1556 420 Cossinius

231 446 386 494 Tiburs,
403 455 511 497 pater
531 446 646 484 huius
667 447 808 496 equitis
828 447 1010 492 Romani,
1029 445 1167 494 optimi
1183 453 1300 494 atque
1321 445 1555 483 ornatissimi

231 511 312 557 viri,
345 512 534 549 damnato
563 512 609 549 T.
641 512 788 558 Caelio,
821 524 901 560 quo
931 511 1051 548 modo
1081 523 1127 547 ex
1156 511 1294 548 eadem
1325 510 1479 548 civitate
1508 511 1554 547 T.

232 577 448 625 Coponius,
467 575 560 614 civis
582 577 674 614 item
697 589 850 613 summa
864 576 1004 613 virtute
1021 582 1058 613 et
1075 575 1494 624 dignitate,—nepotes
1508 575 1553 611 T.

232 648 270 679 et
292 641 336 680 C.
353 642 557 690 Coponios
575 640 957 687 nostis‚—damnato
979 640 1023 679 C.
1048 641 1216 677 Masone
1236 638 1330 676 civis
1352 639 1556 676 Romanus

232 712 290 744 est
321 707 477 743 factus?
534 707 598 743 An
627 706 759 754 lingua
786 712 823 742 et
851 704 1010 754 ingenio
1035 704 1208 753 patefieri
1233 704 1361 741 aditus
1390 703 1440 740 ad
1470 702 1557 740 civi-

232 777 352 807 tatem
379 771 517 819 potuit,
541 782 660 807 manu
681 776 718 807 et
740 770 880 807 virtute
902 781 981 806 non
1004 768 1164 818 potuit?
1219 769 1336 805 Anne
1363 768 1413 805 de
1442 766 1557 805 nobis

232 836 384 873 trahere
413 835 537 884 spolia
566 835 775 873 foederatis
806 833 960 879 licebat,
988 835 1038 871 de
1068 832 1247 870 hostibus
1277 845 1357 870 non
1386 832 1558 870 licebat?

233 902 296 937 An
319 901 427 949 quod
447 899 610 949 adipisci
628 906 806 949 poterant
828 899 1011 944 dicendo,
1035 898 1074 936 id
1096 898 1150 935 eis
1167 898 1380 946 pugnando
1395 897 1558 946 adsequi

234 977 314 1002 non
335 964 507 1003 licebat?
563 966 627 1001 An
647 962 864 1002 accusatori
890 963 1056 1001 maiores
1079 962 1199 1000 nostri
1222 962 1367 999 maiora
1388 960 1559 1011 praemia

233 1042 353 1079 quam
374 1029 551 1068 bellatori
573 1042 658 1067 esse
679 1029 917 1066 voluerunt?

288 1095 410 1142 Quod
423 1095 453 1132 si
466 1093 716 1132 acerbissima
729 1095 813 1143 lege
829 1093 987 1131 Servilia
1000 1091 1194 1142 principes
1208 1090 1334 1128 viriae
1346 1090 1558 1140 gravissimi

233 1166 271 1197 et
291 1158 568 1209 sapientissimi
584 1160 687 1197 cives
709 1160 811 1196 hanc
829 1159 990 1203 Latinis,
1014 1157 1054 1195 id
1076 1165 1133 1195 est
1155 1157 1373 1203 foederatis,
1392 1155 1491 1193 viam
1509 1157 1559 1194 ad

233 1223 430 1263 civitatem
451 1225 585 1274 populi
611 1225 716 1261 iussu
744 1231 876 1272 patere
907 1221 1009 1272 passi
1036 1228 1137 1268 sunt,
1161 1233 1289 1270 neque
1316 1222 1375 1258 ius
1399 1228 1457 1258 est
1484 1221 1559 1258 hoc

233 1290 513 1338 reprehensum
542 1288 693 1326 Licinia
714 1297 751 1326 et
781 1288 916 1325 Mucia
944 1288 1038 1336 lege,
1070 1299 1160 1323 cum
1185 1286 1409 1335 praesertim
1436 1297 1558 1334 genus

233 1353 362 1404 ipsum
383 1353 644 1392 accusationis
674 1361 712 1391 et
739 1366 886 1391 nomen
914 1358 950 1389 et
968 1352 1051 1389 eius
1079 1351 1187 1388 modi
1214 1349 1428 1399 praemium
1450 1351 1558 1399 quod

233 1431 352 1457 nemo
371 1419 536 1468 adsequi
552 1425 684 1467 posset
705 1417 779 1454 nisi
800 1430 846 1455 ex
863 1417 1051 1454 senatoris
1069 1415 1287 1452 calamitate
1307 1427 1436 1463 neque
1452 1427 1559 1452 sena-

233 1483 305 1522 tori
327 1496 456 1533 neque
477 1483 585 1521 bono
601 1482 784 1532 cuiquam
802 1482 917 1518 nimis
939 1481 1155 1518 iucundum
1177 1492 1263 1518 esse
1282 1487 1424 1529 posset,
1448 1479 1558 1517 dubi—

233 1549 397 1587 tandum
414 1547 486 1585 fuit
503 1549 608 1598 quin,
625 1560 704 1597 quo
722 1548 760 1584 in
782 1558 923 1596 genere
939 1545 1114 1584 iudicum
1135 1545 1306 1594 praemia
1321 1552 1402 1581 rata
1417 1552 1555 1590 essent,

234 1615 273 1651 in
295 1614 436 1652 eodem
457 1613 601 1651 iudicia
617 1612 895 1662 imperatorum
914 1612 1116 1649 valerent?
1164 1611 1271 1647 Num
1288 1610 1430 1647 fundos
1447 1609 1560 1659 igitur

235 1679 357 1717 factos
391 1680 559 1728 populos
595 1677 757 1716 Latinos
797 1676 1029 1715 arbitramur
1068 1682 1134 1713 aut
1168 1674 1350 1713 Serviliae
1383 1674 1456 1723 legi
1494 1682 1560 1712 aut

235 1745 372 1782 ceteris
400 1743 543 1793 quibus
566 1743 714 1781 Latinis
743 1742 971 1780 horninibus
997 1749 1078 1779 erat
1104 1739 1346 1790 propositum
1367 1739 1496 1788 aliqua
1515 1752 1561 1776 ex

235 1821 275 1847 re
296 1810 512 1858 praemium
533 1807 730 1847 civitatis?
791 1808 1031 1856 Cognoscite
1056 1819 1161 1843 nunc
1183 1804 1370 1844 iudicium
1391 1812 1558 1850 senatus,
1583 1819 1598 1849 5

236 1875 345 1923 quod
358 1886 512 1923 semper
528 1873 673 1912 iudicio
689 1880 747 1911 est
763 1872 897 1922 populi
914 1871 1227 1921 comprobatum.
1268 1871 1383 1908 Sacra
1398 1870 1558 1915 Cereris,

237 1940 396 1985 iudices,
420 1951 574 1977 summa
599 1937 765 1977 maiores
792 1938 913 1976 nostri
940 1936 1125 1986 religione
1151 1934 1292 1973 confici
1314 1935 1562 1972 caerimonia-

236 2017 314 2053 que
334 2005 539 2041 voluerunt
554 2018 564 2051 3
594 2016 694 2053 quae
711 2017 801 2041 cum
820 2010 949 2041 essent
965 2003 1174 2050 adsumpta
1191 2001 1241 2038 de
1256 1999 1429 2045 Graecia,
1445 2007 1482 2036 et
1496 2011 1562 2048 per

237 2069 407 2107 Graecas
437 2076 568 2106 curata
600 2076 690 2106 sunt
721 2081 875 2118 semper
907 2067 1129 2106 sacerdotes
1159 2074 1197 2104 et
1223 2066 1373 2104 Graeca
1399 2063 1561 2102 omnino

279 2181 298 2200 2
322 2171 451 2201 ahenea
470 2170 512 2201 ΡΙ
529 2182 536 2201 :
560 2181 664 2201 aenea
681 2169 725 2200 P²
742 2171 807 2202 rcll.
915 2182 935 2211 9
959 2170 1077 2210 Anne]
1097 2170 1151 2200 An
1170 2169 1350 2199 Alanutius
1463 2177 1499 2203 14
1524 2177 1561 2195 ac

235 2213 343 2245 P²Bff
359 2218 388 2245 et
397 2214 475 2254 pler.
495 2216 622 2254 (agrav.
640 2213 699 2252 ΡΙ)
717 2225 723 2244 :
741 2225 806 2245 om.
823 2213 903 2244 GE:
921 2220 954 2245 et
966 2214 1073 2244 Halm
1168 2223 1203 2251 ¹5
1232 2218 1264 2242 et
1281 2212 1424 2250 sapient.
1441 2220 1466 2240 s.
1481 2210 1500 2239 l.
1519 2208 1563 2237 ΡΖ

240 2258 279 2288 16
311 2259 364 2289 ius
387 2258 526 2289 Mada:
556 2258 609 2289 his
632 2256 720 2289 codd.
741 2258 798 2297 (iis
820 2258 855 2288 kx
950 2259 987 2287 18
1012 2263 1045 2287 et
1063 2256 1135 2287 add.
1158 2256 1290 2285 Ernesti
1385 2265 1422 2292 ¹9
1448 2259 1561 2291 posset

236 2301 384 2334 Ernesti:
409 2302 517 2341 possit
533 2301 621 2332 codd.
728 2311 765 2332 21
793 2301 990 2332 iudiciorum
1009 2306 1045 2330 ut
1061 2299 1145 2329 Reid
1163 2299 1206 2328 ita
1223 2299 1258 2327 bc
1359 2308 1399 2335 29
1425 2295 1562 2326 omnino

237 2343 347 2377 Mucll.
364 2345 455 2386 prob.
475 2344 618 2375 Ziclt'nsk
647 2356 654 2375 :
687 2346 799 2376 omnia
822 2344 912 2376 codd.
928 2356 934 2374 ι
969 2344 1098 2375 Graece
1116 2342 1226 2372 omnia
1243 2345 1281 2371 ut
1300 2341 1444 2380 Kraffin
1461 2340 1505 2368 ita
1522 2338 1561 2367 b:

237 2387 443 2419 Graecanica
461 2389 572 2419 omnia
592 2387 685 2418 Paul

1575 152 1616 188 53

1579 718 1618 749 54

1579 1096 1633 1133 24
