1774 2782
294 151 336 187 18
357 162 396 201 48
444 204 447 207 ¹
726 154 780 189 M.
814 153 981 189 TVLLI
1014 151 1321 190 CICERONIS

288 955 337 991 19

294 1648 334 1678 53

356 263 551 310 scriptore,
571 262 646 297 hoc
663 259 894 305 consiliario,
915 260 991 296 hoc
1008 259 1185 296 ministro
1202 258 1380 296 omnium
1397 271 1477 295 non
1496 257 1682 307 bipedum

357 327 483 364 solum
512 326 580 363 sed
608 324 725 362 etiam
747 324 1050 373 quadrupedum
1077 323 1351 373 impurissimo,
1375 336 1455 361 rem
1483 322 1682 372 publicam

356 390 584 440 perdidisti,
625 402 753 439 neque
785 396 825 426 tu
856 401 941 427 eras
977 397 1055 427 tam
1088 402 1222 426 excors
1254 396 1413 438 tamque
1445 389 1608 426 demens
1643 397 1684 426 ut

357 455 525 493 nescires
561 455 747 493 Clodium
782 467 866 491 esse
898 453 965 503 qui
997 461 1133 492 contra
1164 455 1268 503 leges
1303 454 1456 499 faceret,
1490 454 1585 490 alios
1618 453 1683 502 qui

356 521 459 571 leges
482 520 649 559 scribere
670 521 863 567 solerent,
894 521 963 558 sed
988 533 1118 570 neque
1139 533 1275 557 eorum
1297 532 1427 568 neque
1452 526 1680 565 ceterorum,

356 585 395 623 in
417 585 560 635 quibus
591 594 691 623 esset
719 584 868 635 aliquid
899 584 1127 632 modestiae,
1151 584 1383 634 cuiusquam
1412 583 1481 622 tibi
1513 592 1683 634 potestas

357 651 452 698 fuit3
483 664 611 700 neque
633 658 673 688 tu
695 652 823 699 legum
846 649 1100 699 scriptoribus
1128 648 1253 687 isdem
1276 648 1435 699 potuisti
1458 648 1512 686 uti
1541 649 1683 698 quibus

356 716 483 763 ceteri,
508 729 637 765 neque
658 729 819 765 operum
841 714 1074 761 architectis,
1097 728 1226 764 neque
1248 714 1476 764 pontificem
1497 714 1683 752 adhibere

357 794 474 831 quem
514 782 642 826 velles,
684 788 884 830 postremo
923 793 971 817 ne
1012 779 1051 817 in
1090 780 1259 829 praedae
1297 779 1459 829 quidem
1498 778 1684 817 societate

357 845 577 895 mancipem
599 853 664 883 aut
685 846 870 894 praedem
892 852 997 883 extra
1017 853 1175 883 tuorum
1196 846 1455 894 gladiatorum
1476 858 1683 881 numerum

356 918 423 948 aut
443 910 615 959 denique
643 910 795 959 suffragi
818 911 980 947 latorem
1003 909 1042 947 in
1062 909 1136 948 ista
1156 917 1223 947 tua
1249 909 1531 960 proscriptione
1553 923 1685 958 quem<

357 989 475 1025 quam
494 975 565 1013 nisi
584 976 706 1012 furem
722 988 767 1012 ac
784 974 965 1012 sicarium
982 974 1148 1024 reperire
1166 973 1339 1024 potuisti.
1382 976 1521 1025 Itaque
1538 988 1627 1013 cum
1643 982 1684 1012 tu

357 1042 497 1078 florens
522 1054 567 1078 ac
589 1047 730 1090 potens
749 1052 819 1089 per
837 1039 1014 1078 medium
1038 1041 1164 1077 forum
1191 1048 1363 1077 scortum
1385 1043 1572 1090 populare
1593 1040 1684 1078 voli-

355 1114 465 1153 tares‚
483 1105 598 1143 amici
621 1105 671 1142 illi
696 1104 749 1142 tui
771 1112 808 1142 te
831 1118 911 1142 uno
931 1104 1060 1142 amico
1081 1104 1172 1143 tecti
1194 1112 1232 1142 et
1252 1104 1368 1151 beati,
1387 1105 1453 1155 qui
1475 1120 1516 1144 se
1536 1107 1684 1156 populo

353 1171 640 1218 commiserant,
678 1170 730 1208 ita
768 1171 1056 1220 repellebantur
1094 1178 1136 1208 ut
1170 1170 1287 1208 etiam
1326 1171 1541 1209 Palatinam
1576 1179 1682 1209 tuam

353 1238 585 1287 perderent;
614 1237 680 1285 qui
703 1236 742 1273 in
767 1235 955 1273 iudicium
978 1243 1175 1282 venerant,
1200 1236 1281 1273 sive
1304 1244 1551 1274 accusatores
1575 1244 1683 1273 erant

353 1302 434 1340 sive
468 1302 532 1348 rei,
564 1310 601 1339 te
631 1302 868 1351 deprecante
898 1300 1197 1339 damnabantur.
1260 1300 1444 1351 Denique
1473 1301 1590 1340 etiam
1621 1300 1684 1338 ille

353 1367 529 1405 novicius
559 1367 687 1416 Ligus,
715 1366 862 1404 venalis
889 1366 1108 1415 adscriptor
1136 1374 1173 1404 et
1200 1366 1441 1416 subscriptor
1466 1374 1568 1412 tuus,
1594 1379 1682 1403 cum

356 1435 410 1471 M.
431 1433 570 1482 Papiri,
594 1432 651 1470 sui
674 1433 807 1478 fratris,
827 1439 928 1469 esset
949 1439 1187 1470 testamento
1207 1439 1245 1470 et
1266 1432 1412 1470 iudicio
1430 1432 1684 1482 improbatuS,

355 1506 519 1535 mortem
552 1497 633 1535 eius
662 1511 702 1535 se
730 1499 828 1535 velle
849 1498 1030 1546 persequi
1060 1497 1180 1535 dixit:
1215 1511 1362 1536 nomen
1393 1499 1477 1535 Sex.
1511 1498 1682 1548 Properti

353 1564 515 1601 detulit:
560 1576 743 1600 accusare
778 1562 928 1600 alienae
963 1562 1246 1600 dominationis
1285 1563 1521 1612 scelerisque
1556 1563 1683 1601 socius

354 1636 509 1678 propter
530 1628 750 1665 calumniae
774 1636 920 1666 metum
944 1642 1023 1665 non
1045 1636 1101 1666 est
1123 1642 1250 1666 ausus.
1300 1630 1360 1666 De
1377 1629 1450 1666 hac
1469 1628 1580 1677 igitur
1601 1630 1684 1678 lege

353 1693 528 1739 dicimus,
567 1693 677 1742 quasi
713 1693 793 1731 iure
830 1701 960 1743 rogata
995 1694 1182 1740 videatur,
1219 1693 1330 1731 cuius
1364 1708 1483 1743 quam
1519 1696 1684 1743 quisque

353 1766 501 1808 partem
524 1758 646 1808 tetigit
668 1759 791 1807 digito
808 1772 904 1797 voce
921 1760 1065 1808 praeda
1086 1758 1278 1808 suffragiO,
1296 1772 1550 1808 quocumque
1565 1761 1682 1805 venit,

353 1823 577 1873 repudiatus
598 1824 881 1873 convictusque
902 1824 1110 1862 discessit?

408 1889 516 1937 Quid
546 1889 576 1926 si
609 1889 653 1926 iis
679 1889 805 1927 verbis
836 1889 979 1939 scripta
1007 1896 1064 1927 est
1095 1889 1167 1928 ista
1196 1889 1430 1939 proscriptio
1460 1897 1502 1928 ut
1531 1903 1573 1927 se
1602 1890 1684 1939 ipsa

354 1954 568 1993 dissolvat?
603 1964 659 1993 est
691 1955 820 1994 enim:
857 1957 981 2004 Qvor)
1011 1957 1068 1994 M.
1097 1957 1280 1992 TVL1,1vs
1313 1967 1472 1992 FALSVM
1503 1967 1683 1992 SENATVS

353 2033 597 2058 CONSVLTVM
618 2034 889 2059 RETTVLERIT.
919 2021 958 2058 Si
975 2020 1089 2070 igitur
1106 2021 1252 2059 rettulit
1266 2022 1407 2058 falsum
1423 2028 1579 2058 senatus
1597 2034 1686 2058 con-

353 2087 513 2132 sultum,
534 2095 614 2124 tum
641 2095 697 2125 est
725 2086 897 2136 rogatio:
928 2085 958 2123 si
987 2099 1067 2123 non
1089 2087 1246 2131 rettulit,
1269 2087 1377 2123 nulla
1403 2093 1472 2124 est
1533 2087 1684 2123 Satisne

398 2191 416 2210 2
432 2179 681 2218 quad1·ip.le
739 2179 984 2228 impurissimo]
1003 2179 1222 2218 spurcissimo
1237 2177 1394 2208 Oberdick
1405 2177 1489 2217 (Ael.
1508 2177 1680 2217 Lanzprzssd

353 2223 448 2254 Alea.
467 2222 572 2253 Seven
594 2234 624 2263 9.
642 2236 660 2262 4
679 2233 834 2252 ommam
856 2234 920 2252 non
942 2223 1053 2252 solum
1070 2222 1222 2261 bzPedum
1239 2221 1296 2252 scd
1311 2222 1410 2251 ettam
1429 2221 1683 2261 quad7upedum

353 2267 579 2306 spurcissimo)
690 2277 709 2304 4
735 2266 824 2297 hunc
844 2270 916 2296 ante
936 2267 1094 2296 Clodium
1112 2265 1191 2296 ku
1259 2266 1372 2296 facere
1392 2265 1551 2296 Momms.
1647 2275 1685 2294 10

354 2311 513 2349 praedem
540 2310 667 2345 Garat„
688 2309 800 2340 Bam:
823 2311 984 2349 praedem
1010 2311 1138 2339 socium
1162 2306 1250 2339 codd.
1277 2314 1409 2349 praeter
1435 2308 1506 2338 GM
1524 2309 1684 2347 (praedae

354 2354 500 2393 socium)
521 2353 578 2382 Hb
595 2354 819 2391 (praedonum
838 2354 981 2389 socium‘)
1105 2363 1142 2391 13
1160 2353 1269 2382 sorum
1286 2352 1332 2382 ed.
1352 2352 1388 2382 V.
1405 2354 1485 2385 (om.
1497 2352 1660 2389 scortum)
1676 2363 1682 2382 ε

355 2397 417 2427 sori
434 2397 451 2426 b
469 2409 475 2428 t
500 2408 564 2428 om.
584 2397 649 2428 rell.
786 2407 823 2426 er
851 2397 1007 2427 dominae
1028 2397 1276 2426 dominationes
1298 2393 1418 2425 P¹GM
1524 2405 1564 2433 23
1589 2395 1683 2433 quasi

357 2440 468 2471 Madv.
489 2453 495 2470 :
520 2451 604 2479 quae
629 2440 718 2470 codd.
832 2451 870 2478 24
897 2441 1022 2479 praeda
1052 2439 1111 2471 del.
1137 2439 1295 2477 jordan:
1328 2438 1579 2478 praedicatione
1602 2438 1681 2468 coni.

355 2484 462 2515 Halm
629 2495 668 2522 29
687 2484 753 2523 est]
783 2485 870 2525 *forst
888 2487 1033 2522 praestat
1050 2488 1100 2513 est
1114 2485 1121 2513 2
1136 2483 1141 2497 '
1162 2481 1301 2512 Mueller

1707 858 1743 879 10

1708 1188 1741 1218 ¹5

1705 1517 1745 1539 20
