1774 2782
508 132 616 169 PRO
650 133 689 168 P.
721 133 914 170 SESTIO
945 134 1160 172 ORATIO
1442 147 1494 184 43
1513 153 1555 185 93

169 241 428 290 inlibatasque
459 240 612 279 divitias
645 239 683 278 in
714 241 1061 290 profundissimum
1097 244 1304 282 libidinum
1336 259 1492 283 suarum

166 305 355 355 gurgitem
398 307 620 355 profundat,
661 305 792 344 villam
830 307 1036 346 aedificare
1076 307 1114 346 in
1154 309 1276 347 oculis
1316 310 1491 348 omnium

167 376 315 407 tantam
345 369 540 419 tugurium
571 378 613 407 ut
643 369 720 408 iam
745 370 921 409 videatur
950 385 1034 410 esse
1064 372 1128 410 illa
1153 375 1241 411 villa
1261 388 1378 423 quam
1410 375 1492 425 ipse

166 433 344 472 tribunus
371 435 496 484 plebis
525 434 669 484 pictam
692 435 784 472 olim
815 435 854 473 in
881 437 1132 475 contionibus
1160 438 1388 487 explicabat,
1412 454 1491 489 quo

127 515 144 545 5
166 497 417 536 fortissimum
452 513 497 536 ac
531 513 728 537 summum
762 499 887 537 civem
920 500 958 538 in
990 501 1175 539 invidiam
1209 504 1329 541 homo
1361 512 1490 543 castus

163 575 209 599 ac
240 576 320 600 non
351 563 518 613 cupidus
549 572 731 612 vocaret;
771 566 935 602 alterum
969 566 1186 604 Thracibus
1216 581 1262 604 ac
1295 569 1489 607 Dardanis
1509 586 1551 618 94

163 626 330 675 primum
361 641 498 676 pacem
529 628 699 666 maxima
728 631 895 678 pecunia
922 631 1157 676 vendidisse,
1184 631 1339 678 deinde,
1368 641 1408 670 ut
1436 633 1488 671 illi
1534 680 1539 685 ἡ

162 692 369 740 pecuniam
397 694 592 731 conficere
620 701 790 743 possent,
822 696 1038 732 vexandam
1069 695 1113 733 iis
1143 696 1421 735 Macedoniam
1451 706 1490 736 et

162 756 407 804 spoliandam
434 757 651 804 tradidisse,
676 759 928 808 eundemque
948 759 1053 797 bona
1075 760 1321 808 creditorum,
1345 762 1489 800 civium

103 842 142 864 10
164 823 446 868 Romanorum,
466 836 556 860 cum
573 823 820 861 debitoribus
838 823 997 862 Graecis
1014 824 1204 873 divisisse,
1220 840 1359 876 cogere
1375 841 1488 877 pecu-

160 886 243 925 nias
283 887 470 925 maximas
508 901 531 925 a
569 888 834 937 Dyrrachinis,
875 890 1039 938 spoliare
1078 891 1300 937 Thessalos,
1342 900 1486 930 certam

160 952 329 991 Achaeis
369 952 407 990 in
446 966 571 991 annos
611 953 784 1003 singulos
822 954 1031 1004 pecuniam
1071 955 1320 1006 imperavisse
1358 971 1487 1008 neque

160 1026 292 1057 tamen
319 1020 401 1056 ullo
431 1018 469 1055 in
500 1018 662 1068 publico
690 1027 758 1057 aut
787 1019 968 1070 religioso
997 1021 1083 1059 loco
1108 1021 1259 1071 signum
1285 1031 1351 1061 aut
1379 1023 1486 1061 tabu-

159 1084 236 1120 lam
265 1093 330 1122 aut
363 1092 639 1122 ornamentum
670 1085 899 1134 reliquisse3
934 1086 1020 1124 illos
1051 1086 1105 1125 sic
1133 1087 1311 1126 inludere
1341 1088 1486 1138 quibus

100 1168 136 1199 15
158 1162 277 1188 omne
303 1149 540 1199 supplicium
570 1157 688 1199 atque
716 1152 843 1188 omnis
869 1152 949 1189 iure
977 1152 1128 1201 optimo
1157 1166 1286 1202 poena
1307 1153 1483 1201 debetur,

158 1227 243 1251 reos
273 1227 358 1252 esse
387 1215 459 1252 hos
486 1215 587 1252 duos
612 1228 711 1264 quos
742 1215 895 1254 videtis.
953 1216 1105 1255 Omitto
1132 1217 1208 1255 iam
1237 1220 1482 1267 Numerium,

157 1281 375 1326 Serranum,
413 1279 583 1327 Aelium,
621 1280 850 1330 quisquilias
890 1281 1093 1320 seditionis
1130 1284 1371 1332 Clodianae,
1414 1286 1484 1323 sed

156 1352 286 1382 tamen
327 1344 367 1382 hi
406 1358 565 1394 quoque
605 1347 723 1383 etiam
762 1360 868 1384 nunc
907 1346 1081 1394 volitant,
1123 1356 1165 1385 ut
1204 1348 1355 1396 videtis,
1396 1364 1480 1395 nec,

155 1410 249 1447 dum
284 1423 352 1448 vos
387 1411 437 1448 de
469 1410 581 1448 vobis
616 1410 765 1460 aliquid
800 1411 998 1459 timebitis,
1037 1414 1090 1450 illi
1129 1427 1316 1463 umquam
1351 1415 1402 1452 de
1440 1429 1481 1453 se

96 1494 136 1516 20
154 1477 440 1524 pertimescent.
1498 1514 1553 1552 44

209 1543 311 1578 Nam
332 1541 428 1590 quid
449 1555 522 1591 ego
544 1543 594 1579 de
614 1541 731 1580 aedili
753 1541 838 1591 ipso
859 1544 1006 1592 loquar,
1031 1543 1098 1593 qui
1119 1545 1236 1582 etiam
1259 1544 1362 1583 diem
1384 1545 1479 1583 dixit
1500 1576 1540 1607 95

153 1613 189 1643 et
206 1606 402 1643 accusavit
419 1607 468 1644 de
484 1606 519 1643 vi
540 1606 765 1644 Milonem?
808 1608 949 1656 Neque
970 1607 1033 1645 hic
1049 1616 1180 1646 tamen
1198 1610 1276 1646 ulla
1290 1623 1479 1659 umquam

152 1670 289 1708 iniuria
310 1672 529 1709 adducetur
544 1679 586 1709 ut
603 1685 693 1709 eum
716 1671 781 1709 tali
798 1671 938 1710 virtute
961 1680 1146 1723 tantaque
1164 1673 1344 1712 firmitate
1359 1673 1480 1711 animi

151 1749 192 1774 se
222 1737 261 1773 in
290 1750 370 1774 rem
402 1737 602 1785 publicam
633 1736 751 1774 fuisse
782 1737 1004 1786 paeniteat,-
1033 1739 1102 1776 sed
1127 1738 1194 1788 qui
1224 1740 1321 1777 haec
1345 1739 1480 1777 vident

93 1819 130 1850 25
149 1801 422 1839 adulescentes
437 1814 611 1850 quonam
628 1815 717 1839 suas
735 1802 877 1840 mentis
895 1803 1127 1841 conferent?
1172 1805 1244 1842 Ille
1258 1805 1325 1854 qui
1342 1817 1480 1842 monu-

150 1873 282 1903 menta
315 1866 483 1916 publica,
521 1866 588 1915 qui
626 1866 735 1904 aedis
775 1881 913 1913 sacras,
949 1867 1015 1917 qui
1051 1869 1191 1906 domos
1230 1868 1477 1907 inimicorum

149 1944 308 1969 suorum
343 1931 584 1982 oppugnavit
618 1932 762 1970 excidit
797 1932 983 1979 incendit,
1021 1932 1087 1982 qui
1127 1933 1290 1982 stipatus
1325 1947 1479 1984 semper

149 1996 304 2043 sicariis,
341 2004 498 2047 saeptus
536 1997 706 2043 armatis,
744 1997 917 2036 munitus
953 1997 1149 2035 indicibus
1191 1998 1274 2045 fuit,
1309 2012 1476 2047 quorum

148 2061 267 2100 hodie
296 2061 410 2111 copia
439 2063 645 2109 redundat,
672 2062 738 2112 qui
767 2070 805 2101 et
832 2062 1074 2112 peregrinam
1103 2076 1264 2100 manum
1292 2063 1477 2101 facinero-

89 2140 128 2169 30
148 2138 279 2164 sorum
309 2127 520 2165 concitavit
549 2135 587 2165 et
617 2141 748 2165 servos
777 2129 827 2165 ad
858 2129 1020 2165 caedem
1052 2127 1216 2165 idoneos
1246 2129 1340 2166 emit
1370 2136 1408 2166 et
1435 2128 1474 2166 in

194 2239 231 2266 14
257 2229 332 2260 illos
352 2229 478 2261 Halm:
506 2231 569 2261 lios
591 2230 702 2261 codd:
734 2240 792 2260 eos
818 2230 959 2261 Weseub.
984 2230 1114 2271 (socios
1131 2237 1194 2271 pro
1218 2232 1278 2262 hos
1300 2232 1347 2262 sic
1370 2231 1473 2269 Paul)

147 2282 189 2301 20
207 2273 447 2311 pertimescent
458 2273 649 2313 Naugerius
664 2274 712 2312 (2)
729 2286 734 2304 :
753 2279 887 2304 -escunt
899 2274 985 2306 codd.
1079 2284 1118 2311 24
1142 2276 1174 2304 in
1189 2285 1223 2304 re
1236 2275 1369 2313 publica
1383 2275 1472 2304 Koch

149 2325 188 2353 27
215 2317 356 2346 exscidit
376 2316 495 2347 Lamb.
613 2327 654 2355 29
679 2317 854 2347 facinoros.
875 2316 963 2349 ΡΒΣ
983 2318 1034 2357 (cs.
1054 2319 1068 2353 ξ
1087 2318 1143 2356 81)
1266 2328 1308 2356 30
1333 2318 1473 2348 idoneos

148 2358 204 2388 del.
224 2359 315 2389 Bake
404 2361 436 2390 in
459 2360 531 2390 trib.
551 2360 619 2391 secl.
641 2360 728 2391 Bake

1328 2444 1384 2474 10*

1348 2465 1365 2474 ..ι
