1774 2782
456 154 566 192 PRO
599 155 641 192 L.
674 155 966 195 CORNELIO
998 158 1180 195 BALBO
1213 157 1429 197 ORATIO
1580 169 1602 196 2
1623 177 1640 207 5

282 264 423 303 Cetera
447 274 649 304 accusator
672 267 822 313 fatetur,
847 268 952 304 hunc
981 266 1019 304 in
1050 267 1242 318 Hispania
1264 269 1472 308 durissimo
1500 270 1604 308 bello

281 342 371 367 cum
394 330 444 377 Q.
464 331 639 377 Metello,
662 344 751 368 cum
774 331 820 370 C.
839 331 1032 370 Memmio
1054 341 1092 370 et
1114 333 1151 370 in
1173 334 1295 371 classe
1316 342 1353 371 et
1376 333 1414 371 in
1435 334 1603 372 exercitu

280 393 423 440 fuisse,
457 402 498 432 ut
530 395 741 444 Pompeius
772 397 810 433 in
843 396 1078 446 Hispaniam
1109 399 1256 436 venerit
1288 398 1604 448 Memmiumque

280 458 425 497 habere
455 468 702 508 quaestorem
733 460 917 509 coeperit,
942 474 1158 510 numquam
1186 475 1208 499 a
1239 462 1432 500 Memmio
1462 462 1603 500 disces-

241 539 258 570 5
279 522 385 569 sisse,
419 523 657 573 Carthagine
687 537 771 563 esse
802 525 1019 572 obsessum,
1051 526 1247 564 acerrimis
1279 526 1350 564 illis
1381 527 1536 576 proeliis
1565 535 1602 565 et

279 588 467 636 maximis,
491 589 728 627 Sucronensi
753 597 791 628 et
819 590 1010 630 Turiensi.
1036 590 1264 637 interfuisse,
1291 604 1379 628 cum
1413 591 1602 640 Pompeio

276 653 328 690 ad
344 660 560 691 extremum
577 653 669 691 belli
684 661 839 703 tempus
856 653 985 692 fuisse.
1028 656 1139 692 Haec
1157 663 1246 692 sunt
1263 655 1416 705 propria
1430 656 1598 702 Corneli,
1621 661 1640 693 6

276 716 400 765 pietas
422 717 461 755 in
482 731 562 755 rem
579 717 777 767 publicam
799 727 984 765 nostram,
1003 718 1122 766 labor,
1141 719 1368 765 adsiduitas,
1387 719 1597 766 dimicatio,

276 783 396 819 virtus
417 782 535 832 digna
556 796 712 820 summo
739 783 985 833 imperatore,
1009 797 1097 833 spes
1118 798 1188 834 pro
1210 784 1390 834 periculis
1412 786 1600 834 praemio-

220 863 257 884 10
276 859 386 894 rum;
428 846 598 896 praemia
637 848 798 896 quidem
835 849 919 897 ipsa
957 861 1038 885 non
1078 855 1167 885 sunt
1203 848 1241 885 in
1277 848 1359 886 eius
1395 851 1498 887 facto
1533 849 1598 899 qui

274 913 440 961 adeptus
468 921 536 958 est,
560 913 630 950 sed
658 914 697 950 in
723 912 806 950 eius
836 913 904 962 qui
931 913 1050 951 dedit.
1112 916 1293 951 Donatus
1321 914 1434 963 igitur
1462 923 1519 952 est
1547 916 1598 954 ob
1619 927 1642 963 3

275 989 339 1014 eas
360 990 496 1015 causas
516 990 539 1014 a
561 978 632 1016 Cn.
654 977 845 1027 Pompeio
866 977 1033 1016 civitate.
1077 979 1125 1016 Id
1146 987 1348 1017 accusator
1370 993 1448 1017 non
1471 987 1596 1029 negat,

275 1041 344 1078 sed
365 1041 626 1091 reprehendit,
650 1049 691 1080 ut
713 1042 752 1079 in
769 1043 955 1081 Cornelio
976 1056 1093 1081 causa
1115 1043 1235 1093 ipsius
1256 1044 1453 1093 probetur,
1472 1058 1598 1094 poena

274 1115 491 1155 quaeratur,
516 1106 554 1144 in
586 1108 778 1156 Pompeio
809 1120 926 1145 causa
952 1109 1139 1154 laedatur,
1163 1121 1291 1158 poena
1319 1110 1366 1146 sit
1393 1110 1500 1147 nulla
1525 1110 1597 1148 nisi

219 1188 251 1208 ι·
274 1171 401 1209 famae
421 1186 427 1208 :
458 1172 512 1209 sic
534 1171 845 1209 innocentissimi
875 1172 1045 1210 hominis
1068 1174 1252 1220 fortunas,
1276 1175 1597 1223 praestantissimi

273 1234 516 1284 imperatoris
548 1237 694 1274 factum
723 1236 979 1274 condemnari
1004 1238 1150 1275 volunt.
1211 1239 1315 1287 Ergo
1343 1239 1381 1275 in
1409 1239 1596 1277 iudicium

273 1308 391 1349 caput
420 1300 590 1348 Corneli,
615 1302 760 1339 facturn
790 1301 954 1351 Pompei
982 1310 1152 1340 vocatur.
1213 1304 1335 1340 Hunc
1356 1303 1460 1340 enim
1486 1303 1524 1341 in
1552 1317 1597 1342 ea

273 1366 427 1405 civitate
449 1368 488 1404 in
510 1380 586 1416 qua
608 1367 656 1405 sit
683 1374 797 1404 natus
825 1368 1102 1406 honestissimo
1130 1370 1218 1406 loco
1247 1376 1381 1406 natum
1403 1382 1487 1407 esse
1507 1382 1597 1406 con-

275 1431 394 1478 cedis,
419 1439 457 1470 et
486 1432 536 1469 ab
567 1431 727 1470 ineunte
757 1440 884 1471 aetate
914 1432 1055 1471 relictis
1086 1433 1202 1471 rebus
1233 1433 1310 1470 suis
1341 1433 1525 1472 omnibus
1556 1435 1593 1472 in

214 1515 253 1535 20
272 1496 414 1534 nostris
454 1496 565 1534 bellis
606 1496 746 1534 nostris
785 1510 875 1534 cum
920 1496 1219 1546 imperatoribus
1263 1511 1347 1536 esse
1386 1507 1593 1546 versatum,

272 1561 416 1599 nullius
444 1562 599 1607 laboris,
629 1563 771 1600 nullius
795 1562 1044 1609 obsessionis,
1070 1562 1213 1600 nullius
1245 1563 1366 1612 proeli
1397 1572 1593 1613 expertem

272 1626 400 1665 fuisse.
461 1629 575 1665 Haec
610 1636 699 1665 sunt
735 1627 867 1665 omnia
898 1641 987 1665 cum
1020 1629 1137 1678 plena
1167 1629 1292 1667 laudis
1325 1636 1408 1667 tum
1440 1630 1593 1679 propria

271 1692 442 1740 Corneli,
468 1706 540 1731 nec
568 1693 608 1731 in
637 1693 682 1731 iis
710 1692 826 1731 rebus
854 1693 1002 1732 crimen
1029 1702 1087 1732 est
1108 1695 1242 1732 ullum.
1302 1694 1381 1732 Vbi
1402 1695 1516 1744 igitur
1535 1704 1592 1734 est
1616 1708 1632 1741 7

270 1760 447 1796 crimen?
506 1759 627 1807 Quod
663 1772 752 1796 eurn
789 1759 1000 1808 Pompeius
1036 1759 1192 1798 civitate
1231 1759 1401 1798 donavit.
1461 1762 1592 1799 Huius

269 1823 447 1862 crimen?
490 1824 667 1870 Minime,
689 1823 761 1861 nisi
784 1825 910 1862 honos
933 1825 1147 1874 ignominia
1163 1826 1336 1874 putanda
1358 1833 1426 1864 est.
1469 1826 1591 1865 Cuius

269 1887 412 1937 igitur?
471 1890 531 1926 Re
552 1902 641 1927 vera
670 1889 822 1935 nullius,
847 1889 1002 1927 actione
1029 1889 1265 1927 accusatoris
1286 1890 1367 1928 eius
1389 1890 1503 1928 unius
1524 1891 1590 1939 qui

267 1953 453 2001 donavit;
488 1953 554 2003 qui
580 1954 610 1990 si
638 1955 833 1992 adductus
863 1953 984 2002 gratia
1012 1953 1138 1991 minus
1170 1953 1357 1992 idoneum
1389 1954 1588 1993 hominem

267 2017 441 2066 praemio
462 2019 680 2065 adfecisset,
707 2018 801 2068 quin
831 2018 947 2056 etiam
980 2018 1010 2056 si
1032 2017 1155 2055 virum
1178 2018 1325 2056 bonum
1347 2020 1415 2056 sed
1437 2032 1515 2056 non
1538 2021 1589 2058 ita

303 2130 322 2158 5
333 2121 507 2151 obsessum
516 2120 646 2151 Iliada:
670 2131 863 2159 possessum
879 2121 967 2152 codd.
984 2122 1234 2160 (possessurum
1246 2120 1286 2155 B,
1302 2120 1485 2159 profectum
1506 2122 1526 2151 k
1541 2122 1588 2153 ed.

265 2163 324 2204 R.)
440 2165 461 2193 6
486 2163 639 2194 Turiensi
657 2164 701 2194 Is.
725 2163 860 2194 Vossius
876 2176 882 2194 :
908 2165 1055 2194 duriensi
1074 2164 1161 2195 codd.
1275 2173 1291 2201 7
1318 2164 1452 2202 propria
1468 2164 1587 2195 Klots:

265 2207 392 2246 proelia
419 2206 507 2238 codd.
541 2207 706 2246 (praemia
733 2208 765 2237 [Λ
784 2219 790 2238 :
819 2209 1000 2247 promerita
1029 2208 1139 2238 Paul:
1173 2207 1341 2246 praesidia
1368 2206 1468 2245 Kays.
1487 2219 1494 2238 x
1525 2208 1584 2240 del.

264 2250 376 2281 Aladv.
470 2250 606 2281 Corneli
622 2251 731 2289 pietas
748 2251 899 2282 Mueller:
926 2252 1105 2282 cornelitas
1115 2250 1157 2281 Pl
1175 2263 1181 2281 ε
1206 2250 1353 2281 Cornelii
1369 2250 1444 2281 talis
1461 2250 1506 2280 Ι)2
1523 2252 1585 2282 rell.

258 2298 387 2333 praeter
397 2293 459 2325 GE
470 2293 635 2333 (Cornelii
649 2294 714 2334 hic>
728 2305 734 2323 ε
756 2294 905 2324 Cornelii
921 2300 1033 2325 tantus
1047 2294 1155 2325 Halm
1250 2304 1262 2324 1
1272 2304 1284 2323 1
1311 2293 1364 2323 all.
1376 2299 1426 2324 est
1443 2305 1507 2325 om.
1520 2294 1562 2324 Pl
1579 2307 1586 2325 :

262 2342 313 2367 est
335 2337 440 2376 igitur
458 2337 508 2368 bw
519 2336 597 2368 Par.
617 2348 697 2377 7774
715 2337 761 2367 ed.
787 2338 822 2368 V.
976 2348 1013 2376 14
1039 2339 1101 2368 nisi
1123 2338 1240 2368 Orelli:
1266 2338 1293 2368 si
1311 2337 1400 2367 codd.
1413 2338 1490 2377 pler.
1512 2338 1583 2369 idel.

261 2380 316 2418 1³²,
334 2391 399 2411 om.
419 2380 493 2421 ΒΣ)
605 2382 642 2411 18
666 2381 710 2411 sit
727 2380 813 2411 codd.
833 2393 839 2411 :
863 2386 913 2411 est
931 2380 1045 2411 Baiter
1161 2392 1201 2419 ‘24
1228 2381 1339 2411 Huius
1355 2380 1397 2410 Ρ1
1415 2392 1421 2411 :
1446 2381 1584 2411 huiusce

260 2423 420 2455 P²BG‘2‘:
445 2425 671 2455 huiuscemodi
688 2425 728 2455 b:
753 2425 939 2455 huiuscene
957 2424 1026 2455 dell.
1047 2436 1053 2455 :
1078 2425 1221 2455 huiusne
1240 2425 1338 2454 Klotz
1438 2425 1478 2454 28
1503 2425 1581 2463 quin

262 2467 370 2498 Madv.
391 2480 396 2498 ι
421 2470 475 2507 qui
493 2469 579 2499 codd.
