1774 2782
308 140 380 175 DE
416 139 784 177 HARVSPICVM
817 137 1103 176 RESPONSO
1135 138 1351 175 ORATIO
1454 145 1555 182 2145

170 249 336 295 dicente,
353 251 566 287 excluserat
587 248 854 298 acerrimeque
872 262 948 285 una
967 261 1061 286 voce
1077 261 1122 285 ac
1141 256 1271 286 mente
1294 247 1493 293 restiterat,

169 314 209 352 id
231 323 318 363 post
339 314 549 352 discidium
573 313 836 362 optimatium,
860 315 910 351 de
932 326 1011 362 quo
1037 312 1121 362 ipso
1150 326 1255 350 nunc
1277 325 1493 358 monemur,

169 379 220 416 ita
242 379 509 428 perturbatum
533 380 664 428 itaque
687 385 950 428 permutatum
977 385 1033 415 est
1061 386 1111 422 ut,
1137 379 1245 426 quod
1268 378 1381 415 frater
1402 391 1495 415 con-

169 445 227 481 sul
253 457 302 481 ne
331 445 438 482 fieret
468 443 682 489 obstiterat,
706 444 814 493 quod
845 443 986 481 adfinis
1017 451 1054 481 et
1085 444 1229 480 sodalis
1260 442 1494 480 clarissimus

130 523 146 553 5
169 509 232 555 vir,
267 509 330 558 qui
364 509 470 546 illum
503 521 608 546 reum
642 521 720 546 non
753 509 939 554 laudarat,
972 509 1198 553 excluserat,
1229 508 1268 545 id
1298 507 1329 545 is
1359 509 1496 545 consul

169 575 336 612 efficeret
360 575 396 611 in
425 573 630 612 discordiis
657 572 878 622 principum
908 572 973 622 qui
1001 572 1052 609 illi
1082 586 1182 609 unus
1206 571 1495 609 inimicissimus

169 652 253 677 esse
274 640 473 686 debuerat,
493 652 540 677 eo
558 639 694 676 fecisse
716 646 875 676 auctore
896 652 936 676 se
954 637 1101 676 diceret
1123 637 1233 675 cuius
1255 636 1495 674 auctoritatis

169 704 367 742 neminem
390 712 522 754 posset
544 705 753 754 paenitere.
807 705 958 741 Iniecta
975 705 1035 741 fax
1051 711 1108 741 est
1126 704 1242 741 foeda
1257 716 1302 740 ac
1319 704 1497 740 luctuosa

169 769 222 807 rei
249 769 454 819 publicae;
485 769 604 819 petita
629 778 686 807 est
714 768 924 806 auctoritas
952 777 1088 814 vestra,
1113 768 1277 817 gravitas
1306 767 1497 816 amplissi-

110 850 150 872 10
170 847 322 871 morum
340 834 534 881 ordinum,
553 833 763 872 consensio
781 834 975 871 bonorum
993 834 1183 879 omnium,
1201 840 1304 870 totus
1325 832 1497 882 denique

169 899 333 937 civitatis
355 906 488 937 status.
550 901 663 937 Haec
695 900 800 937 enim
831 907 936 937 certe
967 898 1212 948 petebantur,
1244 912 1334 936 cum
1364 897 1404 936 in
1435 911 1497 936 me

168 964 410 1014 cognitorem
432 966 569 1002 harum
596 964 775 1002 omnium
802 978 929 1002 rerum
958 966 1021 1002 illa
1043 965 1202 1001 flamma
1223 963 1377 1001 illorum
1399 970 1497 1001 tem-

167 1042 307 1078 porum
329 1029 606 1068 coniciebatur.
666 1030 813 1080 Excepi
841 1038 879 1068 et
910 1043 980 1080 pro
1008 1029 1131 1079 patria
1158 1030 1263 1067 solus
1285 1028 1418 1074 exarsi,
1442 1028 1497 1066 sic

168 1103 299 1132 tamen
321 1103 362 1132 ut
384 1108 451 1133 vos
473 1094 598 1132 isdem
621 1095 776 1144 ignibus
801 1094 1077 1144 circumsaepti
1099 1108 1162 1132 me
1182 1093 1351 1143 primum
1373 1093 1494 1131 ictum
1516 1131 1566 1158 22

110 1175 146 1207 15
170 1173 238 1209 pro
265 1160 376 1198 vobis
401 1169 438 1198 et
466 1162 684 1198 fumantem
712 1160 905 1198 videretis.
965 1161 1060 1198 Non
1087 1160 1326 1198 sedabantur
1352 1159 1494 1197 discor-
1516 1181 1558 1223 46

168 1224 266 1271 diae,
285 1226 354 1263 sed
376 1227 492 1263 etiam
515 1225 714 1263 crescebat
735 1225 774 1262 in
797 1239 863 1263 eos
885 1224 1021 1263 odium
1038 1238 1060 1262 a
1077 1224 1220 1274 quibus
1242 1238 1314 1262 nos
1335 1223 1495 1262 defendi

167 1290 411 1339 putabamur.
474 1291 578 1328 Ecce
600 1291 725 1328 isdem
746 1290 985 1338 auctoribus,
1011 1289 1203 1339 Pompeio
1224 1289 1410 1339 principe,
1429 1289 1495 1338 qui

167 1354 392 1404 cupientem
437 1355 602 1402 Italiam,
644 1355 853 1404 flagitantis
897 1369 976 1402 vos,
1026 1356 1217 1404 populum
1267 1356 1495 1392 Romanum

167 1420 455 1458 desiderantem
477 1433 558 1457 non
579 1419 810 1458 auctoritate
831 1433 901 1458 sua
922 1422 1060 1467 solum,
1084 1421 1154 1458 sed
1175 1420 1292 1458 etiam
1315 1420 1497 1469 precibus

109 1499 150 1522 20
168 1484 219 1522 ad
244 1497 372 1522 meam
398 1486 564 1522 salutem
591 1484 783 1531 excitavit,
806 1485 974 1523 restituti
1003 1499 1149 1524 sumus.
1209 1484 1265 1523 Sit
1287 1484 1498 1523 discordia-

168 1561 252 1586 rum
274 1548 361 1586 finis
380 1548 604 1598 aliquando,
628 1562 651 1586 a
677 1548 871 1587 diuturnis
899 1549 1212 1588 dissensionibus
1241 1549 1498 1598 conquiesca-

168 1627 264 1651 mus.
324 1614 418 1651 Non
439 1613 528 1651 sinit
553 1616 693 1653 eadem
721 1616 794 1652 ista
819 1615 952 1662 labes3
983 1628 1048 1654 eas
1070 1615 1189 1653 habet
1210 1616 1428 1661 contiones,
1451 1629 1497 1653 ea

137 1716 140 1717 ⁷
168 1679 304 1716 miscet
324 1691 370 1716 ac
389 1679 519 1717 turbat
534 1686 577 1717 ut
598 1681 721 1718 modo
739 1693 776 1716 se
791 1680 862 1727 lass,
881 1682 988 1717 modo
1004 1681 1149 1719 vendat
1166 1680 1251 1726 illis,
1271 1693 1343 1718 nec
1364 1689 1496 1718 tamen

168 1742 220 1781 ita
240 1751 281 1781 ut
302 1757 343 1782 se
363 1743 583 1794 quisquam,
602 1744 634 1782 si
654 1745 705 1783 ab
725 1744 801 1783 isto
817 1746 997 1783 laudatus
1019 1745 1078 1792 sit,
1093 1745 1350 1784 laudatiorem
1373 1752 1493 1795 putet,

109 1825 146 1856 ²5
168 1809 237 1847 sed
265 1816 306 1846 ut
332 1822 400 1846 eos
425 1822 524 1858 quos
548 1823 629 1847 non
657 1817 792 1848 amant
816 1810 867 1848 ab
888 1812 1029 1848 eodem
1055 1812 1254 1860 gaudeant
1275 1810 1493 1860 vituperari.

167 1875 298 1923 Atque
315 1887 387 1923 ego
408 1875 514 1912 hunc
536 1888 617 1912 non
637 1874 909 1925 miror—quid
931 1876 1034 1913 enim
1054 1876 1169 1914 faciat
1190 1876 1298 1915 aliud
1311 1878 1394 1914 ?—:
1410 1876 1496 1913 illos

167 1938 347 1977 homines
368 1939 677 1989 sapientissimos
697 1940 1025 1990 gravissimosque
1046 1941 1173 1988 miror,
1198 1941 1366 1991 primum
1389 1942 1496 1991 quod

168 2016 407 2053 quemquam
434 2005 583 2042 clarum
612 2004 816 2043 hominem
851 2013 969 2055 atque
1001 2005 1150 2055 optime
1183 2007 1233 2044 de
1268 2020 1307 2045 re
1339 2005 1498 2056 publica

169 2081 284 2118 saepe
301 2068 481 2106 meritum
497 2068 748 2118 impurissimi
763 2084 860 2109 voce
877 2070 1048 2109 hominis
1063 2071 1196 2109 violari
1215 2071 1325 2110 facile
1343 2071 1495 2121 patiun-

108 2150 151 2182 30
170 2141 240 2179 tur,
263 2133 407 2171 deinde
429 2132 458 2171 si
481 2133 704 2172 existimant
731 2135 871 2184 perditi
893 2136 1064 2175 hominis
1086 2137 1358 2187 profligatique
1379 2138 1495 2175 male-

169 2198 281 2237 dictis
319 2212 445 2249 posse,
484 2198 522 2237 id
557 2200 666 2249 quod
702 2200 862 2238 minime
899 2202 1086 2240 conducit
1121 2202 1224 2252 ipsis,
1262 2203 1493 2252 cuiusquam

165 2263 326 2313 gloriam
354 2263 664 2314 dignitatemque
689 2265 834 2311 violari,
857 2274 1056 2316 postremo
1078 2269 1185 2318 quod
1208 2282 1287 2306 non
1309 2268 1492 2313 sentiunt,

211 2380 228 2407 7
254 2380 293 2399 co
309 2369 395 2400 codd.
412 2374 543 2409 practer
557 2370 597 2399 M
629 2376 660 2400 et
679 2371 734 2404 eo)
883 2381 920 2409 15
946 2372 1098 2402 videritis
1118 2372 1157 2401 P¹
1298 2374 1334 2402 16
1359 2372 1493 2402 defendi

166 2412 244 2443 ku
270 2412 340 2442 (sed
368 2424 432 2443 om.
469 2423 572 2445 noss:
597 2413 727 2443 defensi
757 2414 788 2443 P
816 2418 845 2443 cl
873 2415 974 2454 plen:
1002 2416 1174 2447 defensum
1206 2416 1243 2445 iri
1276 2416 1355 2447 coni.
1384 2416 1491 2446 blalm

168 2468 208 2497 23
233 2468 268 2487 sc
287 2457 338 2486 liis
356 2458 454 2487 modo
472 2456 551 2487 add.
570 2457 670 2496 Basa,
692 2457 810 2488 Lamb.
832 2465 960 2489 ,seculus
