1774 2782
225 132 278 158 20

237 473 278 500 21

234 1345 273 1375 49

300 136 341 168 47
667 124 724 160 M.
755 124 922 160 TVLLI
957 124 1261 163 CICERONIS

299 232 456 269 foedere
477 244 498 268 a
519 244 558 269 re
579 230 739 280 publica
755 231 856 270 bene
873 233 1045 281 gerenda
1068 233 1320 283 impediretur
1339 249 1348 282 3
1377 248 1399 273 a
1415 248 1456 274 se
1473 249 1518 274 ex
1535 249 1626 273 con-

298 295 541 333 iunctissima
561 303 680 345 atque
700 295 937 334 amicissima
964 298 1121 335 civitate
1149 297 1401 337 fortissimum
1427 313 1626 349 quemque

298 373 383 397 esse
408 361 632 406 delectum;
666 372 795 409 neque
827 361 1090 409 Iguvinatium
1120 375 1250 411 neque
1280 362 1522 402 Camertium
1550 365 1626 402 foe-

299 426 391 463 dere
427 438 511 463 esse
546 433 765 475 exceptum,
799 439 878 475 quo
909 427 1038 464 minus
1073 440 1208 465 eorum
1244 428 1394 467 civibus
1425 442 1447 466 a
1479 431 1627 479 populo

302 492 486 529 Romano
508 490 678 540 praemia
706 492 854 529 virtutis
882 492 1156 530 tribuerentur.
1216 494 1356 542 Itaque
1380 507 1470 532 cum
1493 495 1626 544 paucis
1647 509 1663 540 5

298 556 410 593 annis
441 564 528 605 post
560 557 661 594 lianc
691 556 857 594 civitatis
888 556 1145 595 donationem
1176 558 1364 596 acerrima
1394 559 1444 597 de
1472 560 1628 598 civitate

298 622 476 669 quaestio
507 620 656 658 Licinia
683 628 720 658 et
747 622 880 658 Mucia
911 622 995 670 lege
1026 623 1204 669 venisset,
1238 636 1331 660 num
1362 624 1448 672 quis
1478 636 1625 671 eorum,

297 686 363 734 qui
392 686 442 723 de
470 686 679 724 foederatis
705 685 928 724 civitatibus
957 694 1057 724 esset
1085 688 1240 725 civitate
1268 689 1448 735 donatus,
1472 688 1510 726 in
1533 689 1628 727 iudi-

297 751 400 787 cium
430 757 487 787 est
513 753 708 788 vocatus?
766 752 870 788 Nam
897 752 1122 800 Spoletinus
1144 754 1190 790 T.
1216 752 1435 800 Matrinius,
1459 766 1560 791 unus
1582 766 1628 791 ex

298 815 341 852 iis
363 828 461 864 quos
480 816 523 854 C.
546 817 694 853 Marius
716 816 871 854 civitate
892 818 1093 865 donasset,
1110 818 1205 855 dixit
1227 831 1384 855 causam
1406 831 1452 856 ex
1473 819 1627 856 colonia
1649 834 1687 856 10

299 879 438 917 Latina
474 881 510 917 in
547 880 679 929 primis
715 882 824 918 firma
861 889 898 918 et
934 883 1096 919 inlustri.
1158 884 1289 930 Quem
1330 896 1420 920 cum
1460 883 1626 922 disertus

298 946 419 982 homo
442 947 483 982 L.
509 945 702 983 Antistius
730 954 942 992 accusaret,
966 960 1045 984 non
1074 946 1169 985 dixit
1191 948 1359 986 fundum
1381 948 1626 997 Spoletinum

297 1011 485 1058 populum
516 1023 596 1047 non
627 1023 712 1048 esse
740 1012 1114 1057 sactum,-—videbat
1143 1013 1247 1049 enim
1278 1014 1445 1062 populos
1475 1014 1525 1052 de
1555 1027 1627 1052 suo

298 1076 389 1121 iure,
406 1088 485 1111 non
501 1075 550 1113 de
564 1082 699 1113 nostro
717 1077 859 1114 fundos
878 1078 957 1114 fieri
972 1078 1236 1123 solere-sed
1254 1091 1343 1115 curn
1362 1079 1445 1127 lege
1460 1078 1627 1127 Apuleia

297 1140 475 1178 coloniae
497 1154 577 1178 non
599 1148 729 1179 essent
750 1142 955 1188 deductae,
979 1155 1056 1191 qua
1078 1144 1161 1192 lege
1183 1142 1413 1181 Saturninus
1435 1143 1480 1182 C.
1498 1144 1626 1181 Mario
1648 1158 1685 1190 15

297 1207 435 1244 tulerat
460 1214 501 1244 ut
526 1206 565 1243 in
594 1207 764 1256 singulas
791 1207 965 1245 colonias
995 1216 1126 1245 ternos
1153 1207 1246 1245 civis
1270 1209 1473 1245 Romanos
1499 1208 1626 1246 facere

296 1279 439 1320 posset,
460 1272 627 1321 negabat
643 1273 717 1310 hoc
736 1272 972 1310 beneficium
991 1286 1030 1311 re
1048 1274 1129 1322 ipsa
1151 1273 1304 1311 sublata
1320 1274 1447 1311 valere
1467 1273 1624 1311 debere.

297 1336 403 1374 Nihil
439 1337 558 1375 habet
593 1338 858 1375 similitudinis
889 1337 960 1375 ista
995 1340 1218 1384 accusatio,
1248 1339 1317 1376 sed
1352 1345 1483 1375 tamen
1518 1346 1626 1376 tanta

295 1403 504 1439 auctoritas
528 1403 565 1439 in
588 1403 634 1441 C.
659 1403 787 1439 Mario
809 1404 879 1439 fuit
905 1410 946 1439 ut
976 1416 1054 1439 non
1078 1415 1144 1451 per
1168 1404 1208 1439 L.
1232 1403 1429 1448 Crassum,
1451 1403 1623 1440 adfinem

296 1480 420 1512 suum,
439 1466 642 1504 hominem
661 1466 876 1505 incredibili
899 1468 1134 1516 eloquentia,
1155 1467 1223 1504 sed
1241 1465 1374 1515 paucis
1396 1467 1478 1515 ipse
1499 1466 1624 1504 verbis
1647 1483 1686 1504 20

296 1545 454 1570 causam
490 1532 594 1569 illam
629 1534 815 1582 gravitate
849 1546 918 1570 sua
953 1533 1172 1570 defenderit
1203 1539 1240 1569 et
1270 1531 1451 1580 probarit.
1524 1533 1624 1580 Quis

296 1598 401 1634 enim
437 1605 552 1643 esset,
583 1597 742 1644 iudices,
775 1599 841 1646 qui
872 1596 1173 1646 imperatoribus
1204 1596 1344 1634 nostris
1375 1596 1414 1633 in
1443 1596 1557 1642 bello,
1584 1597 1623 1633 in

295 1661 389 1708 acie,
413 1661 451 1698 in
478 1661 647 1699 exercitu
673 1662 862 1700 dilectum
888 1663 1048 1708 virtutis,
1074 1662 1140 1711 qui
1167 1662 1293 1707 sociis,
1324 1661 1389 1709 qui
1415 1660 1623 1698 foederatis

295 1727 334 1764 in
367 1727 618 1765 defendenda
653 1740 692 1765 re
726 1727 883 1776 publica
916 1734 1048 1765 nostra
1085 1740 1194 1776 spem
1230 1727 1490 1775 praemiorum
1526 1726 1622 1774 eripi

294 1793 441 1829 vellet?
499 1793 620 1840 Quod
642 1791 672 1829 si
694 1794 821 1830 vultus
844 1792 890 1831 C.
915 1793 1028 1839 Mari,
1052 1793 1083 1829 si
1106 1805 1189 1838 vox,
1214 1791 1243 1828 si
1267 1791 1329 1828 ille
1351 1789 1622 1839 imperatorius
1646 1806 1682 1836 25

293 1858 408 1894 ardor
439 1858 654 1904 oculorum,
692 1858 722 1894 si
764 1865 940 1896 recentes
981 1858 1178 1907 triumphi,
1216 1857 1247 1895 si
1287 1868 1468 1906 praesens
1503 1856 1623 1893 valuit

293 1930 485 1971 aspectus,
502 1924 627 1960 valeat
640 1924 860 1969 auctoritaS,
878 1925 1032 1962 valeant
1046 1936 1105 1961 res
1122 1930 1264 1972 gestae,
1282 1923 1406 1960 valeat
1419 1922 1619 1968 memoria,

293 1990 417 2026 valeat
439 1989 637 2026 fortissimi
659 1997 695 2027 et
717 1989 919 2027 clarissimi
937 1989 1003 2027 viri
1027 2002 1173 2027 nomen
1195 1995 1409 2026 aeternum.
1469 1986 1525 2025 Sit
1547 1988 1622 2025 hoc

293 2053 503 2091 discrimen
525 2053 625 2091 inter
655 2055 844 2103 gratiosos
873 2054 965 2092 civis
987 2062 1104 2103 atque
1126 2052 1244 2100 fortis,
1264 2060 1305 2090 ut
1326 2051 1379 2089 illi
1401 2051 1475 2089 vivi
1497 2053 1622 2089 fruan-

292 2125 352 2156 tur
373 2118 515 2168 opibus
538 2118 626 2164 suis,
653 2120 792 2157 horum
816 2120 931 2158 etiam
955 2126 1209 2165 mortuorum,
1229 2118 1259 2155 si
1282 2117 1488 2167 quisquam
1505 2116 1618 2154 huius
1641 2129 1681 2159 30

339 2232 351 2250 1
378 2232 397 2251 a
414 2232 449 2251 re
469 2222 546 2260 pub.
573 2221 708 2252 Hbci‘w:
735 2232 770 2251 re
789 2222 864 2261 pub.
887 2222 966 2260 (om.
985 2221 1018 2261 a)
1042 2221 1105 2251 rell.
1199 2219 1470 2250 coniunctissima
1488 2228 1619 2257 quaque

292 2265 382 2294 Paul
495 2276 511 2303 7
537 2266 685 2295 venisset
702 2265 790 2296 codd.
808 2277 813 2294 :
841 2266 1027 2295 exstitisset
1045 2265 1124 2295 coni.
1146 2263 1257 2294 Muell.
1297 2262 1388 2293 Num
1405 2262 1619 2292 obvenisset?

294 2308 396 2345 (Phil.
418 2309 449 2347 ii,
471 2310 486 2345 ξ
504 2310 559 2347 83)
671 2318 707 2347 15
733 2309 773 2338 de
793 2309 829 2338 C.
849 2309 955 2338 Mario
974 2309 1052 2340 coni.
1074 2307 1182 2338 Muell.
1204 2308 1307 2347 (§55)
1397 2315 1437 2343 23
1461 2305 1618 2352 dilectum

293 2351 403 2381 Muell.
419 2351 516 2383 (sest.
539 2354 553 2388 ξ
569 2352 625 2390 34)
643 2363 649 2382 z
667 2353 822 2382 delictum
835 2352 876 2381 Ρ]
892 2351 950 2382 H:
970 2353 1137 2383 delectum
1156 2351 1221 2382 rell.
1338 2350 1378 2379 28
1397 2354 1429 2379 et
1444 2348 1617 2379 clarissimi

293 2406 357 2426 om.
379 2395 439 2425 GE
457 2395 547 2435 (Vnt.
570 2398 585 2432 ξ
611 2398 665 2434 19)
799 2406 840 2435 29
865 2396 1049 2436 gratiosos]
1071 2396 1198 2426 otiosos
1220 2394 1395 2424 Lelmzcmn
