1774 2782
265 146 307 182 13
330 151 367 180 32
694 132 750 168 M.
782 129 950 167 TVLLI
982 126 1287 167 CICERONIS

328 246 521 283 desereret
546 244 615 280 sed
643 242 758 280 etiam
788 240 967 278 hostibus
996 238 1048 276 rei
1079 238 1259 288 publicae
1287 238 1480 286 proderet,
1510 237 1654 287 pactio-

327 309 442 346 nibus
464 322 504 346 se
521 320 679 345 suorum
701 305 963 355 praemiorum
986 303 1186 352 obligarat.
1229 303 1322 339 Erat
1338 302 1435 339 alius
1450 302 1502 340 ad
1522 308 1653 351 portas

327 386 415 410 cum
438 371 601 420 imperio
623 371 661 408 in
684 371 828 407 multos
849 381 974 406 annos
996 380 1220 417 magnoque
1240 365 1422 412 exercitu,
1442 379 1559 415 quem
1580 378 1653 414 ego

326 436 527 474 inimicum
550 434 645 472 mihi
667 434 784 472 fuisse
806 447 885 471 non
907 433 1009 478 dico,
1033 431 1211 478 tacuisse,
1235 445 1326 469 cum
1354 430 1547 469 diceretur
1566 443 1653 468 esse

267 513 305 543 33
325 500 518 547 inimicus,
549 499 640 538 scio.
703 501 815 536 Duae
845 506 973 548 partes
998 510 1082 535 esse
1112 497 1152 534 in
1174 510 1212 534 re
1240 495 1398 546 publica
1427 509 1518 533 cum
1545 502 1653 545 puta-

325 574 466 613 rentur,
488 566 607 603 altera
625 578 686 603 me
708 565 922 614 deposcere
943 570 1099 612 propter
1120 561 1355 608 inimicitias,
1375 562 1493 599 altera
1514 560 1652 598 timide

324 631 536 669 defendere
554 637 709 679 propter
726 628 991 678 suspicionem
1009 626 1140 665 caedis
1158 627 1376 676 putabatur.
1419 626 1498 674 Qui
1519 632 1651 664 autem

325 710 387 734 me
426 697 639 745 deposcere
679 694 923 739 videbantur,
964 692 1005 730 in
1044 693 1119 730 hoc
1158 699 1348 730 auxerunt
1387 690 1651 729 dimicationis

325 768 485 807 metum,
517 761 625 810 quod
656 772 873 808 numquam
905 757 1111 796 infitiando
1142 756 1407 807 suspicionem
1442 755 1649 793 hominum

323 838 535 874 curamque
552 824 787 862 minuerunt.
830 822 920 868 Qua
936 836 975 860 re
990 835 1079 860 cum
1094 821 1267 859 viderem
1285 828 1464 859 senatum
1481 820 1650 858 ducibus

323 891 515 936 orbatum,
548 902 610 926 me
644 902 666 926 a
696 887 984 937 magistratibus
1019 888 1157 936 partim
1191 893 1472 936 oppugnatum,
1510 885 1648 935 partim

321 954 532 1003 proditum,
549 953 688 1003 partim
703 952 944 999 derelictum,
964 965 1094 990 servos
1111 950 1360 989 simulatione
1381 950 1649 1000 conlegiorum

322 1018 556 1056 nominatim
583 1031 667 1057 esse
695 1018 951 1068 conscriptos,
982 1018 1115 1066 copias
1146 1016 1274 1054 omnis
1300 1016 1493 1055 Catilinae
1523 1030 1649 1066 paene

321 1083 446 1121 isdem
467 1083 635 1121 ducibus
656 1084 707 1120 ad
728 1096 837 1132 spem
866 1083 997 1120 caedis
1025 1089 1062 1120 et
1090 1081 1362 1120 incendiorum
1390 1094 1474 1118 esse
1495 1094 1648 1118 revoca-

320 1155 388 1195 tas,
423 1147 573 1197 equites
614 1149 818 1185 Romanos
858 1146 1164 1197 proscriptionis,
1200 1145 1412 1196 municipia
1446 1145 1644 1192 vastitatis,

319 1211 448 1249 omnis
469 1211 600 1249 caedis
623 1220 728 1250 metu
757 1225 842 1250 esse
870 1219 1082 1261 permotos,
1111 1212 1232 1260 potui,
1256 1210 1377 1260 potui,
1410 1218 1537 1260 patres
1558 1224 1648 1248 con-

319 1276 461 1326 scripti,
500 1276 632 1314 multis
662 1276 887 1315 auctoribus
923 1275 1140 1314 fortissimis
1172 1275 1261 1313 viris
1294 1288 1357 1313 me
1386 1276 1422 1312 vi
1452 1274 1648 1324 armisque

319 1342 541 1387 defendere,
566 1354 638 1378 nec
666 1340 762 1378 mihi
790 1340 861 1390 ipsi
892 1340 956 1378 ille
982 1342 1136 1378 animus
1167 1340 1272 1378 idem
1299 1354 1408 1378 meus
1434 1339 1545 1378 vobis
1566 1354 1646 1378 non

319 1406 541 1456 incognitus
580 1406 715 1444 defuit.
774 1408 852 1445 Sed
887 1406 1082 1452 videbam,
1119 1405 1149 1443 si
1184 1405 1365 1444 vicissem
1400 1413 1645 1455 praesentem

318 1473 592 1517 adversarium,
621 1471 786 1509 nimium
815 1473 959 1509 multos
987 1471 1081 1509 mihi
1110 1471 1207 1509 alios
1235 1484 1320 1509 esse
1343 1470 1585 1517 vincendos;
1615 1472 1645 1508 si

319 1536 444 1574 victus
466 1550 605 1583 essem,
627 1538 758 1574 multis
781 1536 895 1575 bonis
924 1544 961 1574 et
989 1550 1059 1586 pro
1088 1550 1150 1574 me
1177 1543 1215 1574 et
1237 1549 1392 1574 mecum
1419 1535 1534 1573 etiam
1558 1543 1646 1585 post

319 1615 382 1639 me
417 1615 502 1640 esse
536 1603 793 1652 pereundum,
831 1601 1109 1651 tribuniciique
1144 1601 1342 1651 sanguinis
1378 1602 1522 1639 ultores
1561 1613 1646 1638 esse

318 1666 543 1716 praesentis,
577 1680 687 1705 meae
715 1666 850 1704 mortis
878 1680 1025 1716 poenas
1050 1666 1197 1705 iudicio
1222 1674 1260 1704 et
1287 1665 1502 1716 posteritati
1531 1679 1646 1703 reser-

254 1718 297 1786 {4
318 1730 407 1769 vari.
469 1731 599 1777 Nolui,
637 1745 728 1769 cum
760 1733 898 1769 consul
932 1745 1186 1769 communem
1226 1732 1391 1768 salutem
1427 1730 1511 1768 sine
1545 1731 1645 1768 ferro

254 1781 296 1809 ⁰4
316 1795 592 1842 defendissem,
614 1809 741 1834 meam
759 1796 930 1846 privatus
947 1796 1063 1834 armis
1077 1797 1299 1841 defendere,
1319 1795 1526 1845 bonosque
1542 1795 1643 1833 viros

314 1862 444 1909 lugere
467 1860 584 1898 malui
604 1874 710 1899 meas
728 1862 902 1899 fortunas
919 1874 1037 1910 quam
1055 1860 1133 1899 suis
1151 1862 1380 1910 desperare3
1410 1874 1466 1908 ac,
1486 1860 1516 1898 si
1539 1862 1644 1898 solus

314 1938 439 1963 essem
473 1925 709 1973 interfectus,
743 1925 838 1963 mibi
869 1933 992 1976 turpe,
1024 1926 1055 1964 si
1086 1940 1176 1964 cum
1207 1925 1349 1972 multis,
1379 1925 1432 1963 rei
1462 1924 1644 1975 publicae

312 1990 511 2028 funestum
533 1991 614 2028 fore
643 1991 858 2030 videbatur.
921 1992 1042 2039 Quod
1069 1991 1099 2028 si
1125 1989 1220 2027 mihi
1246 1998 1444 2028 aeternam
1473 2003 1557 2028 esse
1585 2003 1644 2027 ae-

314 2067 492 2091 rumnam
516 2055 757 2104 propositam
785 2055 1000 2102 arbitrarer,
1025 2063 1150 2093 morte
1170 2068 1234 2093 me
1259 2055 1342 2105 ipse
1372 2054 1502 2104 potius
1524 2067 1643 2104 quam

314 2118 552 2168 sempiterno
580 2120 716 2158 dolore
745 2122 983 2159 multassem.
1044 2121 1121 2158 Sed
1147 2133 1236 2157 cum
1265 2119 1439 2157 viderem
1469 2132 1532 2157 me
1562 2132 1642 2156 non

313 2183 459 2221 diutius
487 2197 604 2234 quam
637 2186 760 2234 ipsam
789 2199 870 2223 rem
899 2185 1098 2235 publicam
1127 2199 1173 2223 ex
1203 2186 1276 2222 hac
1307 2185 1404 2223 urbe
1432 2185 1642 2231 afuturum,

359 2298 373 2318 1
400 2289 611 2328 pactionibus
625 2289 734 2319 Pku
750 2301 756 2319 z
781 2290 1006 2329 peticionibus
1023 2290 1070 2320 Bt
1144 2299 1165 2320 2
1182 2299 1219 2319 se
1231 2287 1341 2319 Halm
1359 2299 1368 2320 t
1392 2300 1450 2320 eos
1464 2288 1552 2321 codd.
1624 2290 1643 2319 8

312 2331 512 2362 dicebantur
536 2344 550 2362 ε
640 2333 674 2363 in
688 2333 753 2364 hoc
771 2333 859 2364 codd.
874 2338 1005 2374 praeter
1021 2345 1034 2363 ε
1053 2332 1159 2374 (hoc),
1178 2344 1193 2362 c
1205 2332 1255 2372 (in
1272 2333 1402 2374 huius),
1422 2333 1441 2363 b
1456 2333 1493 2374 (ii
1507 2333 1620 2371 huius)
1635 2344 1642 2363 :

313 2375 423 2448 {7¹}ssss
441 2376 518 2405 com'.
545 2375 653 2406 Halm
828 2378 867 2407 18
892 2377 957 2417 ipsi
975 2377 1158 2408 Heumann
1177 2387 1184 2406 :
1209 2376 1282 2415 ipse
1299 2375 1388 2408 codd.
1542 2377 1584 2406 26
1609 2382 1642 2407 at

1671 506 1689 537 5

1671 832 1710 854 10

1669 1156 1706 1188 ῐ5

1668 1484 1708 1504 20

1665 1807 1704 1839 25

1665 2129 1704 2160 30
