1774 2782
268 137 321 162 20
340 143 380 174 43
705 129 760 164 M.
792 128 958 163 TVLLI
992 126 1297 165 CICERONIS

272 1051 314 1077 21

271 1111 313 1141 44

270 1875 310 1905 45

338 240 554 287 stultasque
590 246 741 275 nostras
770 237 986 275 discordias
1004 239 1110 275 i—P.
1148 236 1292 276 Clodio
1326 236 1467 285 gradus
1500 236 1551 273 ad
1583 247 1662 273 rem

337 303 535 352 publicam
558 303 620 339 hic
643 302 886 351 primusfnit
899 310 936 339 et
952 302 1081 339 aditus
1098 303 1147 340 ad
1165 303 1392 351 popularem
1415 300 1662 338 iactationem

334 376 453 415 atque
474 368 700 405 adscensus.
761 367 863 403 Nam
886 366 946 403 Ti.
965 367 1147 403 Graccho
1164 365 1310 404 invidia
1332 364 1563 403 Numantini
1587 366 1664 402 foe-

335 432 448 478 deris,
472 432 533 469 cui
557 432 743 476 feriendo,
768 438 952 479 quaestor
974 431 1016 469 C.
1043 430 1220 468 Mancini
1243 431 1416 467 consulis
1438 443 1527 467 curn
1549 437 1660 474 esset,

335 496 573 543 interfuerat,
599 504 635 533 et
666 496 701 532 in
728 508 775 533 eo
808 496 966 533 foedere
998 495 1262 544 improbando
1297 502 1455 532 senatus
1481 493 1663 531 severitas
1684 508 1700 538 5

334 561 458 599 dolori
482 568 519 598 et
542 560 668 598 timori
692 560 772 607 fuit,
792 573 917 609 eaque
938 573 997 598 res
1019 560 1126 597 illum
1151 561 1288 597 fortem
1312 567 1349 597 et
1370 560 1517 596 clarum
1540 557 1661 595 virum

333 640 355 664 a
380 626 565 675 gravitate
593 633 746 674 patrum
778 624 997 662 desciscere
1025 624 1179 673 coegit3
1209 625 1252 663 C.
1278 631 1410 661 autem
1439 623 1661 661 Gracchum

335 705 437 729 mors
460 692 636 736 fraterna,
660 690 795 739 pietas,
815 691 938 735 dolor,
958 689 1190 739 magnitudo
1211 688 1331 727 animi
1352 689 1401 726 ad
1424 688 1662 737 expetendas

334 756 541 794 domestici
572 755 770 804 sanguinis
792 768 940 804 poenas
962 754 1168 802 excitavit3
1199 754 1466 800 Saturninum,
1487 754 1595 802 quod
1623 752 1660 790 in

332 834 514 859 annonae
536 821 695 858 caritate
716 828 963 870 quaestorem
984 834 1007 857 a
1028 833 1097 858 sua
1118 819 1369 858 frumentaria
1389 817 1661 868 procuratione
1685 835 1722 859 10

333 895 491 924 senatus
506 886 652 924 amovit
669 887 783 935 eique
797 887 849 924 rei
869 887 923 923 M.
944 886 1131 923 Scaurum
1151 884 1344 934 praefecit,
1364 884 1507 922 scimus
1524 884 1661 922 dolore

334 952 479 989 factum
508 964 593 989 esse
621 952 877 1000 popularem3
907 950 1123 999 Sulpicium
1148 951 1199 988 ab
1225 951 1375 1000 optima
1396 963 1513 987 causa
1534 950 1660 998 profe-

333 1024 440 1053 ctum
459 1016 638 1064 Gaioque
661 1016 762 1053 Iulio
784 1016 1030 1053 consulatum
1050 1023 1186 1053 contra
1199 1017 1304 1065 leges
1321 1014 1469 1064 petenti
1486 1014 1661 1053 resisten-

334 1089 412 1118 tem
439 1080 591 1129 longius
616 1093 733 1129 quam
762 1079 884 1118 voluit
912 1081 1110 1129 popularis
1138 1094 1231 1117 aura
1258 1081 1442 1129 provexit.
1502 1079 1589 1117 Fuit
1621 1079 1658 1117 in

332 1145 391 1183 his
408 1145 593 1183 omnibus
611 1145 680 1183 etsi
699 1158 778 1182 non
798 1145 1075 1192 iimtzu—nulla
1089 1145 1193 1183 enim
1211 1153 1340 1194 potest
1357 1145 1541 1194 cuiquam
1559 1146 1659 1183 male
1683 1163 1718 1194 15

331 1212 381 1249 de
399 1225 438 1249 re
453 1210 610 1260 publica
624 1210 799 1248 merendi
818 1210 917 1248 iusta
938 1223 1023 1248 esse
1040 1210 1351 1259 causa‚—gravis
1366 1218 1497 1248 tamen
1515 1218 1551 1248 et
1569 1224 1659 1248 cum

331 1276 464 1325 aliquo
483 1276 603 1313 animi
626 1275 742 1313 virilis
765 1277 900 1313 dolore
928 1275 1139 1313 coniuncta
1159 1291 1165 1313 2
1198 1278 1237 1313 P.
1262 1275 1429 1315 Clodius
1446 1289 1470 1313 a
1491 1283 1658 1322 crocota‚

330 1355 353 1379 a
368 1342 488 1387 mitra,
505 1356 527 1379 a
542 1341 797 1379 muliebribus
812 1342 927 1379 soleis
942 1342 1224 1391 purpureisque
1240 1341 1459 1388 fasceolis,a
1472 1341 1657 1391 strophio,

330 1420 352 1444 a
378 1407 569 1456 psalterio,
593 1420 614 1444 a
642 1406 798 1456 flagitio,
821 1420 843 1444 a
867 1414 1003 1456 stupro
1028 1414 1085 1444 est
1113 1408 1237 1445 factus
1264 1415 1424 1456 repente
1445 1407 1656 1457 popularis.

332 1472 415 1509 Nisi
438 1485 527 1510 eum
558 1471 737 1510 mulieres
766 1480 995 1510 exornatum
1024 1472 1076 1510 ita
1103 1472 1414 1522 deprendissent,
1440 1472 1512 1510 nisi
1536 1485 1582 1510 ex
1610 1485 1658 1510 eo
1681 1488 1719 1509 20

330 1538 418 1575 loco
451 1550 531 1586 quo
566 1550 655 1575 eum
690 1536 798 1575 adire
833 1538 890 1575 fas
926 1551 1005 1575 non
1041 1539 1164 1575 fuerat
1197 1539 1425 1575 ancillarum
1462 1537 1658 1576 beneficio

331 1601 496 1639 emissus
510 1610 622 1649 esset,
640 1604 815 1652 populari
830 1604 992 1640 homine
1006 1604 1174 1652 populus
1194 1604 1409 1650 Romanus,
1426 1615 1484 1640 res
1501 1601 1659 1652 publica

330 1667 414 1704 cive
435 1667 499 1704 tali
521 1675 679 1705 careret.
740 1668 859 1704 Hanc
886 1667 940 1704 ob
967 1668 1179 1705 amentiam
1205 1667 1245 1704 in
1272 1666 1477 1705 discordiis
1502 1667 1656 1714 nostris,

330 1733 380 1769 de
407 1731 549 1780 quibus
579 1731 670 1781 ipsis
698 1732 756 1769 his
784 1732 970 1782 prodigiis
999 1732 1220 1770 recentibus
1241 1746 1264 1770 a
1290 1732 1349 1770 dis
1371 1731 1656 1770 immortalibus

329 1797 599 1843 admonemur,
623 1805 796 1846 arreptus
818 1806 875 1835 est
896 1811 997 1835 unus
1014 1810 1059 1835 ex
1081 1796 1249 1847 patriciis
1270 1797 1331 1835 cui
1353 1796 1510 1835 tribuno
1530 1797 1655 1847 plebis
1677 1809 1717 1840 25

331 1861 411 1898 fieri
434 1874 513 1899 non
533 1861 676 1900 liceret.
738 1863 859 1910 Quod
879 1876 985 1900 anno
1000 1870 1092 1900 ante
1107 1863 1220 1901 frater
1236 1863 1421 1901 Metellus
1438 1870 1476 1901 et
1491 1875 1655 1900 concors

330 1926 446 1964 etiam
469 1935 549 1964 tum
573 1934 741 1974 senatus,
759 1934 917 1965 senatus
934 1927 1109 1977 principe
1124 1929 1196 1967 Cn.
1215 1927 1405 1976 Pompeio
1422 1927 1655 1966 sententiam

376 2040 387 2059 1
418 2030 451 2060 P.
472 2041 496 2059 s.
511 2030 529 2059 l.
550 2029 592 2058 P1
705 2041 723 2059 2
748 2030 808 2060 fuit
826 2035 859 2060 et
876 2031 985 2060 aditus
1006 2029 1118 2060 Madv.
1136 2043 1140 2061 z
1167 2035 1217 2060 est
1233 2031 1342 2060 aditus
1360 2030 1522 2070 (additus)
1543 2030 1630 2062 codd.
1649 2043 1654 2061 z

330 2074 380 2102 hic
399 2073 526 2111 primus
544 2073 614 2111 suit,
637 2073 688 2103 hic
707 2074 835 2112 primus
852 2074 964 2104 aditus
982 2073 1100 2104 Lamb.
1150 2074 1243 2103 Num
1267 2075 1319 2103 hic
1344 2075 1470 2113 primus
1488 2079 1521 2104 et
1544 2075 1654 2104 aditus

328 2116 388 2146 suit
403 2119 409 2146 Ξ
500 2118 520 2145 6
546 2116 605 2146 fuit
624 2128 730 2156 eaque
746 2117 832 2149 Bait.
849 2130 854 2148 :
880 2117 941 2147 fuit
960 2117 1073 2156 itaque
1089 2118 1233 2156 <istaque
1247 2116 1336 2149 ku)
1353 2117 1385 2146 P
1399 2118 1459 2147 rell.
1476 2121 1602 2157 praeter
1616 2116 1658 2147 M

331 2159 417 2197 (suitj
514 2171 529 2199 7
556 2160 594 2191 C.
613 2172 639 2191 s.
653 2161 671 2191 l.
692 2160 735 2190 Pl
844 2171 882 2199 13
909 2161 995 2191 Iulio
1013 2160 1209 2191 AWanult'ns:
1235 2160 1318 2190 totio
1336 2159 1378 2189 Pl
1397 2172 1402 2190 :
1428 2162 1510 2191 tutio
1531 2162 1650 2200 (tucio)

327 2202 372 2232 P²
382 2203 448 2234 rell.
547 2213 584 2242 15
609 2204 766 2234 omnibus
777 2215 877 2234 causa
891 2203 1033 2235 GEMbk
1127 2214 1164 2242 17
1185 2204 1285 2233 animi
1300 2204 1529 2234 Cammfarins:
1554 2205 1652 2234 animi

328 2251 361 2276 et
379 2246 466 2277 codd.
575 2248 612 2277 18
638 2248 795 2278 fasceolis
821 2252 856 2277 ul
878 2248 965 2279 Bait.
994 2249 1038 2277 ita
1063 2248 1174 2277 Hfflk:
1200 2247 1336 2277 faceolis
1352 2246 1433 2277 PB:
1460 2248 1574 2278 fasciis
1593 2247 1654 2278 GE

327 2300 369 2319 20
394 2291 558 2329 deprend.
572 2290 620 2321 B:
646 2291 828 2329 depraenrl.
846 2291 896 2321 P:
921 2292 1130 2330 deprehend.
1145 2291 1165 2320 k
1180 2290 1226 2320 ed.
1243 2289 1284 2320 R.
1432 2300 1473 2329 27
1499 2296 1647 2329 senatus,

326 2339 466 2364 senatus
497 2333 586 2364 codd.
616 2333 760 2365 Lamb.:
784 2340 916 2370 senatu,
945 2340 1081 2365 senatus
1114 2333 1228 2364 PBw:
1261 2338 1399 2363 senatus
1427 2334 1552 2374 (semel)
1582 2334 1644 2364 rell.

329 2376 442 2416 (Prot).
465 2377 564 2408 Cous.
583 2381 597 2415 ξ
620 2388 631 2407 1
652 2379 682 2407 si
690 2379 839 2418 princeps
854 2389 927 2408 eam
946 2382 1024 2407 sent.
1044 2377 1192 2416 dicerem)
