1774 2782
87 890 125 912 10

86 1541 127 1564 20

89 1865 127 1897 ²5

477 176 586 214 PRO
620 177 660 212 P.
693 176 885 214 SESTIO
917 176 1133 214 ORATIO
1413 177 1467 213 26

144 293 223 325 erat
248 285 330 336 ipse
357 299 380 323 a
406 292 543 323 senatu
569 284 697 323 socius
722 286 950 335 appellatus,
979 292 1060 323 erat
1085 292 1216 323 tamen
1242 286 1356 323 frater
1383 284 1466 323 eius

144 350 241 400 regis
273 351 351 400 qui,
385 363 476 387 cum
507 357 608 388 esset
643 351 682 387 in
715 351 854 388 eadem
889 364 1017 397 causa,
1051 350 1127 388 iam
1159 358 1240 389 erat
1273 364 1296 388 a
1329 358 1466 388 senatu

143 417 335 454 honorem
365 414 482 452 istum
511 423 757 462 consecutus,
793 423 872 453 erat
900 417 1041 453 eodem
1069 429 1210 465 genere
1238 415 1468 466 eisdemque

144 480 368 527 maioribus,
397 481 535 518 eadem
564 487 756 517 vetustate
784 480 992 526 societatis,
1021 480 1193 530 denique
1225 490 1305 519 erat
1331 495 1406 528 rex,
1439 481 1468 519 si

144 545 322 583 nondum
347 544 488 590 socius,
510 552 549 582 at
575 557 656 582 non
682 543 831 591 hostis;
860 552 1032 594 pacatus,
1062 544 1227 594 quietus,
1256 547 1373 584 fretus
1402 546 1468 583 im-

144 609 251 659 perio
279 609 413 659 populi
442 609 612 647 Romani
637 622 757 659 regno
781 618 945 659 paterno
971 617 1089 659 atque
1116 609 1219 648 avito
1247 610 1362 660 regali
1385 611 1465 648 otio

144 675 486 725 perfruebatur—:
528 675 578 712 de
608 676 684 712 hoc
718 674 815 712 nihil
853 674 1060 724 cogitante,
1094 674 1190 712 nihil
1231 676 1464 724 suspicante,

144 741 293 778 eisdem
319 740 446 789 operis
470 739 695 789 suffragium
720 740 947 786 ferentibus,
970 747 1027 777 est
1054 747 1231 789 rogatum
1259 748 1299 777 ut
1328 741 1467 778 sedens

144 820 233 844 curn
265 818 434 855 purpura
462 812 500 842 et
530 813 684 853 sceptro
714 812 752 842 et
782 804 855 842 illis
890 804 1108 853 insignibus
1138 805 1250 854 regiis
1285 805 1467 855 praeconi

146 869 304 921 publico
321 870 571 915 subiceretur,
590 878 628 907 et
648 869 863 919 imperante
884 871 1032 919 populo
1050 871 1246 916 Romano,
1264 870 1330 919 qui
1352 870 1466 908 etiam

144 936 249 974 bello
269 934 379 973 victis
401 935 555 984 regibus
571 948 688 984 regna
704 936 868 972 reddere
884 933 1098 980 consuevit,
1117 947 1181 971 rex
1197 934 1347 971 amicus
1366 936 1469 971 nulla

144 1000 284 1038 iniuria
303 1007 620 1047 commemorata,
640 999 755 1038 nullis
772 1000 888 1038 rebus
905 999 1089 1050 repetitis,
1108 1013 1198 1037 cum
1218 999 1331 1037 bonis
1348 999 1468 1038 omni—

145 1066 218 1103 bus
238 1064 511 1115 publicaretur,

199 1131 329 1168 Multa
351 1129 502 1176 acerba,
532 1131 655 1167 multa
682 1129 818 1180 turpia,
847 1131 969 1167 multa
993 1130 1218 1168 turbulenta
1246 1129 1381 1168 habuit
1408 1129 1469 1168 ille

145 1208 296 1243 annus3
336 1202 469 1232 tamen
499 1193 552 1231 illi
587 1194 721 1233 sceleri
757 1196 866 1244 quod
895 1195 935 1232 in
970 1209 1032 1233 me
1063 1196 1216 1233 illorum
1247 1194 1468 1232 immanitas

145 1260 269 1299 edidit
303 1260 409 1297 haud
444 1258 525 1297 scio
563 1273 613 1296 an
648 1268 751 1298 recte
786 1261 862 1297 hoe
896 1259 1116 1310 proximum
1156 1272 1242 1297 esse
1280 1259 1467 1297 dicamus.

145 1325 387 1364 Antiochum
411 1326 601 1374 Magnum
630 1324 739 1362 illum
765 1325 929 1363 maiores
954 1324 1073 1363 nostri
1103 1338 1243 1374 magna
1270 1324 1360 1363 belli
1383 1338 1470 1362 con-

145 1392 322 1429 tentione
353 1398 453 1428 terra
484 1390 660 1440 marique
695 1399 919 1441 superatum
955 1391 1055 1429 intra
1086 1399 1262 1429 montem
1297 1393 1470 1429 Taurum

146 1469 306 1507 regnare
328 1456 545 1494 iusserunt:
575 1455 722 1503 Asiam,
742 1470 820 1505 qua
840 1455 949 1493 illum
968 1457 1192 1502 multarunt,
1215 1457 1359 1503 Attalo,
1379 1464 1420 1493 ut
1442 1455 1472 1493 is

146 1528 323 1571 regnaret
362 1522 401 1558 in
440 1534 496 1566 ea,
538 1522 874 1559 condonaverunt.
935 1522 1038 1560 Cum
1073 1519 1349 1558 Armeniorum
1384 1534 1472 1569 rege

146 1587 315 1636 Tigrane
344 1599 459 1636 grave
489 1585 637 1623 bellum
669 1599 794 1636 nuper
823 1585 895 1635 ipsi
926 1585 1236 1635 diuturnumque
1269 1585 1471 1635 gessimus,

146 1665 236 1690 cum
259 1651 323 1689 ille
343 1649 491 1688 iniuriis
513 1649 552 1687 in
573 1650 701 1688 socios
723 1658 877 1688 nostros
899 1650 1112 1688 inserendis
1135 1650 1238 1688 bello
1259 1664 1381 1700 prope
1402 1664 1474 1688 nos

146 1717 377 1755 lacessisset.
438 1716 519 1752 Hie
541 1722 578 1753 et
600 1716 682 1765 ipse
704 1728 772 1765 per
792 1728 833 1752 se
854 1716 1068 1753 vehemens
1090 1714 1161 1752 fuit
1183 1722 1221 1752 et
1242 1714 1473 1752 acerrimum

148 1783 301 1820 hostem
323 1780 438 1818 huius
459 1780 595 1830 imperi
619 1779 891 1818 Mithridatem
909 1780 1065 1829 pulsum
1089 1781 1218 1818 Ponto
1233 1779 1374 1829 opibus
1396 1779 1474 1817 suis

150 1859 349 1897 regnoque
370 1845 558 1892 defendit,
581 1853 619 1883 et
639 1858 662 1882 a
681 1846 727 1882 L.
752 1845 930 1890 Lucullo,
949 1857 1105 1882 summo
1120 1843 1202 1882 viro
1217 1852 1335 1893 atque
1356 1843 1474 1893 impe-

148 1919 285 1959 ratore,
309 1912 444 1960 pulsus
473 1910 607 1948 animo
632 1917 764 1948 tamen
793 1909 923 1947 hostili
950 1922 1040 1947 cum
1066 1908 1224 1958 reliquis
1250 1908 1328 1947 suis
1349 1908 1472 1958 copiis

197 2027 207 2046 ι
234 2016 307 2055 ipse
324 2027 390 2046 om.
410 2014 516 2046 Sclzol.
660 2026 679 2054 3
705 2015 867 2045 honorem
886 2015 984 2044 istum
1003 2018 1209 2043 consecutus
1226 2024 1252 2043 5.
1266 2012 1284 2043 Ι,
1304 2012 1347 2043 P²
1370 2013 1471 2051 xillum

153 2058 307 2095 Wesenb.,
320 2059 443 2089 iustum
456 2058 657 2100 Landgraf)
674 2071 680 2089 :
705 2059 876 2089 societatis
894 2063 926 2088 et
943 2057 1113 2087 amicitiae
1131 2057 1294 2086 honorem
1313 2066 1472 2086 consecu-

149 2109 202 2134 tus
233 2103 263 2140 (e
289 2101 486 2142 Scholiasta)
518 2102 638 2133 Vahlen
781 2104 802 2132 6
837 2101 986 2131 munitus
1018 2103 1095 2140 (aut
1124 2102 1228 2138 tutus}
1264 2110 1371 2138 regno
1402 2099 1477 2129 Keil

149 2157 191 2177 20
224 2146 308 2176 Cum
332 2146 364 2176 Β
388 2145 474 2176 rell:
505 2157 605 2184 quom
630 2145 695 2175 1³¹:
726 2156 828 2184 quum
853 2144 896 2175 ΡΖ
1045 2154 1082 2174 21
1119 2154 1228 2182 nuper
1252 2143 1315 2182 ipsi
1344 2142 1473 2172 Halm:

150 2194 207 2220 aut
231 2199 293 2229 per
318 2189 382 2229 ipsi
401 2194 454 2229 pr.
472 2189 513 2228 P,
531 2189 602 2219 dein
619 2193 780 2229 expuncl„
808 2199 872 2218 om.
899 2188 931 2218 Β
955 2188 1043 2218 rell:
1072 2198 1132 2226 per
1154 2186 1203 2217 G:
1234 2197 1340 2226 nuper
1363 2186 1470 2216 Klots.

153 2233 206 2272 Cf.
240 2231 318 2262 Vbrr.
349 2243 380 2272 v,
411 2236 485 2272 §93
652 2242 693 2270 23
729 2232 794 2263 Hic
812 2256 818 2262 .
841 2256 846 2262 .
866 2255 873 2262 .
891 2233 1012 2262 mansit
1038 2232 1107 2261 secl.
1138 2229 1310 2260 Eberhard
1333 2229 1468 2268 improb.

149 2275 302 2306 Zt'elt'nsk.
383 2276 490 2307 hostis
504 2276 689 2306 vehemens
701 2275 840 2306 Dietriclz
855 2287 860 2305 :
879 2275 953 2306 veh.
969 2275 1078 2305 hostis
1091 2273 1235 2304 Richter
1249 2275 1263 2309 ξ
1276 2283 1317 2312 59
1329 2272 1376 2302 ad
1386 2273 1473 2303 inz'lA

150 2330 192 2357 24
211 2320 309 2350 huius
323 2319 400 2358 imp.
415 2319 641 2349 Mithridatem
657 2318 685 2348 G
697 2322 725 2348 el
733 2319 842 2348 Burn.
860 2328 917 2357 157
928 2319 989 2348 soli
997 2330 1037 2349 ex
1046 2318 1138 2355 meis,
1151 2317 1197 2347 ed.
1211 2315 1252 2347 R.
1344 2325 1384 2354 25
1401 2326 1419 2345 a
1429 2314 1476 2344 F²

152 2363 214 2393 rell.
233 2374 239 2392 :
264 2363 305 2392 ad
322 2362 364 2392 1³1
381 2374 387 2393 :
411 2363 452 2393 ab
470 2363 578 2393 Halm
658 2361 693 2392 L.
714 2366 788 2391 ante
809 2361 946 2392 Lucullo
963 2361 1037 2392 add.
1058 2360 1170 2391 Madv.
1293 2361 1334 2389 26
1359 2358 1475 2397 pulsus

151 2406 260 2436 Burn.
290 2416 348 2445 157
366 2405 531 2446 Angelius
547 2417 553 2436 :
587 2405 717 2444 pulsum
742 2404 831 2435 codd.
849 2416 855 2435 :
890 2405 1045 2443 repulsus
1061 2403 1168 2434 Halm
1186 2414 1192 2433 :
1226 2403 1333 2433 victus
1352 2401 1451 2431 Klotz
1466 2412 1474 2430 :

153 2449 348 2488 profligatus
364 2449 509 2488 Ht'rsclzf.
529 2460 535 2478 :
561 2449 733 2487 perculsus
751 2448 842 2478 Paul
944 2448 1056 2478 animo
1074 2447 1185 2477 hostili
1204 2446 1260 2477 del.
1283 2445 1449 2476 Orlmann
1466 2455 1472 2474 :

153 2503 205 2523 an.
225 2498 335 2523 tamen
355 2493 441 2522 host.
461 2492 516 2523 dcl.
537 2492 628 2522 Paul

181 2547 244 2568 crc.
266 2546 333 2567 PRO
351 2546 438 2567 srsr.
1345 2532 1380 2562 11

1490 190 1527 222 57

1493 1117 1540 1155 27
