1774 2782
515 171 624 209 PRO
656 172 696 208 P.
731 171 922 209 SESTIO
953 171 1169 209 ORATIO
1448 182 1502 218 59
1526 185 1586 218 ιη

178 280 311 325 notari,
367 280 509 330 quibus
558 288 688 318 autem
742 280 955 319 consistere
1007 281 1044 319 in
1099 294 1303 331 operarum
1354 282 1502 320 contio-

177 346 292 383 nibus
327 360 407 384 non
440 345 567 393 liceat,
594 358 661 383 eos
696 345 803 383 omni
839 346 973 395 populi
1010 347 1182 384 Romani
1217 347 1500 397 significatione

176 410 348 448 decorari
366 413 382 448 ?

220 477 282 513 Tu
298 475 391 513 mihi
406 475 523 514 etiam
533 476 589 513 M.
601 476 764 513 Atilium
775 477 970 525 Regulum
986 489 1284 525 commemoras,
1296 479 1361 528 qui
1376 478 1500 517 redire

137 555 155 586 5
174 541 257 590 ipse
278 540 555 590 Carthaginem
576 554 646 579 sua
666 542 867 580 voluntate
887 542 937 579 ad
959 541 1193 591 supplicium
1215 556 1331 592 quam
1355 543 1438 581 sine
1455 543 1499 581 iis

173 605 335 656 captivis
363 619 386 644 a
408 605 553 656 quibus
582 607 633 644 ad
664 613 843 644 senatum
874 606 1016 644 missus
1047 614 1126 645 erat
1158 609 1311 646 Romae
1342 621 1498 646 manere

174 672 362 717 maluerit,
385 680 422 709 et
445 670 539 708 mihi
560 684 679 720 negas
695 672 913 721 optandum
931 671 1100 710 reditum
1118 673 1235 711 fuisse
1251 686 1318 723 per
1333 672 1498 711 familias

173 743 416 786 comparatas
432 742 470 774 et
483 737 664 773 homines
677 738 872 773 armatos?
911 737 1002 773 Vim
1018 736 1165 774 scilicet
1181 750 1254 787 ego
1268 736 1495 783 desideravi,
1520 738 1577 775 60

173 801 251 851 qui,
273 802 369 839 dum
390 801 446 838 vis
467 801 548 847 fuit,
572 800 669 837 nihil
690 800 761 850 egi,
785 808 822 838 et
843 813 974 849 quem,
997 800 1027 838 si
1049 800 1104 838 vis
1127 814 1206 839 non
1228 801 1373 848 fuisset,
1392 803 1498 839 nulla

116 881 154 902 10
172 879 232 904 res
263 865 498 903 labefactare
529 866 730 915 potuisset.
793 867 914 902 Hunc
941 878 1015 914 ego
1041 865 1210 903 reditum
1238 866 1494 915 repudiarem,
1521 869 1579 897 128

172 929 238 980 qui
259 929 312 967 ita
332 930 475 968 florens
495 929 566 967 fuit
586 937 628 967 ut
649 942 780 967 verear
801 943 850 967 ne
871 929 958 978 quis
986 942 1049 967 me
1070 929 1200 968 studio
1220 930 1365 979 gloriae
1386 937 1496 979 putet

171 994 318 1033 idcirco
339 995 463 1032 exisse
483 1001 525 1032 ut
546 993 597 1031 ita
618 995 814 1032 redirem?
863 995 995 1042 Quem
1012 994 1116 1032 enirn
1133 1008 1321 1044 umquam
1338 1003 1496 1033 senatus

170 1060 297 1098 civem
334 1058 408 1097 nisi
445 1072 510 1097 me
544 1059 768 1097 nationibus
808 1060 946 1097 exteris
981 1061 1304 1098 commendavit?
1372 1059 1495 1099 Cuius

169 1138 357 1174 umquam
379 1132 537 1174 propter
561 1125 725 1162 salutem
757 1122 831 1161 nisi
859 1136 987 1162 meam
1016 1131 1173 1162 senatus
1198 1123 1355 1174 publice
1380 1124 1494 1163 sociis

113 1204 149 1236 15
169 1190 304 1239 populi
326 1190 498 1227 Romani
518 1190 659 1239 gratias
680 1190 788 1238 egit?
845 1189 907 1227 De
934 1202 997 1227 me
1025 1203 1105 1227 uno
1130 1197 1257 1238 patres
1285 1190 1495 1240 conscripti

168 1256 425 1294 decreverunt
445 1263 498 1301 ut,
523 1256 589 1304 qui
616 1254 836 1304 provincias
861 1268 951 1293 cum
979 1255 1143 1305 imperio
1170 1255 1404 1304 obtinerent,
1428 1255 1494 1306 qui

168 1328 395 1370 quaestores
424 1319 621 1370 legatique
651 1327 793 1367 essent,
816 1321 982 1358 salutem
1014 1328 1051 1358 et
1081 1320 1199 1358 vitam
1226 1322 1492 1360 custodirent:

167 1387 207 1422 in
237 1398 316 1422 una
346 1397 433 1423 mea
462 1397 579 1422 causa
613 1392 702 1434 post
737 1387 909 1423 Romam
944 1385 1145 1423 conditam
1179 1385 1326 1423 facturn
1362 1394 1418 1424 est
1453 1394 1494 1424 ut

167 1449 302 1487 litteris
338 1449 609 1488 consularibus
645 1463 691 1487 ex
721 1457 879 1488 senatus
909 1451 1091 1488 consulto
1121 1458 1264 1488 cuncta
1298 1464 1344 1488 ex
1380 1451 1492 1489 Italia

108 1534 148 1554 20
166 1527 305 1553 omnes
341 1515 407 1564 qui
442 1528 524 1553 rem
563 1515 762 1564 publicam
802 1516 946 1553 salvam
987 1516 1130 1553 vellent
1169 1524 1489 1555 convocarentur.

167 1581 288 1628 Quod
311 1593 530 1630 numquam
560 1588 718 1619 senatus
743 1580 783 1618 in
806 1580 1010 1619 universae
1034 1580 1087 1619 rei
1112 1580 1294 1630 publicae
1314 1582 1488 1630 periculo

164 1645 345 1692 decrevit,
383 1645 423 1683 id
458 1645 496 1683 in
536 1646 651 1683 unius
688 1658 774 1684 mea
811 1647 934 1683 salute
972 1646 1240 1683 conservanda
1281 1646 1491 1684 decernen-

164 1711 259 1747 dum
291 1709 451 1760 putavit.
513 1711 645 1758 Quem
677 1710 783 1748 curia
817 1710 938 1760 magis
972 1709 1181 1759 requisivit,
1213 1722 1331 1758 quem
1362 1711 1487 1748 forum

163 1775 287 1813 luxit?
328 1776 461 1824 Quem
481 1788 607 1824 aeque
628 1775 711 1825 ipsa
732 1775 941 1813 tribunalia
961 1774 1309 1812 desideraverunt?
1343 1776 1488 1813 Omnia

104 1856 142 1888 ²5
163 1839 338 1878 discessu
358 1852 450 1877 meo
469 1840 632 1887 deserta,
652 1840 818 1886 horrida,
838 1848 955 1886 muta,
975 1841 1090 1889 plena
1106 1840 1233 1877 luctus
1249 1847 1287 1877 et
1304 1841 1487 1879 maeroris

162 1906 327 1943 fuerunt.
390 1906 490 1954 Quis
524 1913 581 1943 est
619 1905 755 1943 Italiae
786 1906 896 1943 locus
928 1904 965 1942 in
998 1917 1078 1954 quo
1108 1916 1188 1942 non
1220 1905 1338 1942 fixum
1369 1905 1416 1943 sit
1447 1907 1484 1943 in

161 1969 328 2019 publicis
367 1971 634 2008 monumentis
674 1969 848 2008 studium
888 1968 1021 2007 salutis
1061 1981 1182 2016 meae,
1215 1969 1483 2008 testimonium

160 2035 389 2085 dignitatis?

214 2101 317 2138 Nam
344 2100 440 2150 quid
471 2114 543 2151 ego
573 2100 637 2139 illa
667 2102 717 2139 de
747 2114 809 2138 me
839 2100 970 2138 divina
994 2108 1151 2139 senatus
1177 2101 1357 2138 consulta
1381 2114 1483 2138 com-

100 2184 141 2214 30
160 2168 405 2203 memorem?
435 2167 494 2204 vel
511 2167 619 2215 quod
640 2165 679 2203 in
701 2167 850 2215 templo
868 2165 971 2203 Iovis
989 2166 1139 2215 Optimi
1157 2165 1320 2204 Maximi
1338 2167 1483 2203 factum

1504 2082 1550 2119 61

1507 2152 1567 2183 129

204 2278 223 2307 5
250 2269 290 2299 iis
303 2267 413 2299 PHk:
438 2269 490 2299 his
505 2268 537 2298 B
625 2271 645 2299 6
669 2280 688 2300 a
703 2270 821 2308 quibus
846 2268 934 2299 codd.
950 2274 1078 2309 praeter
1092 2270 1111 2299 k
1132 2269 1206 2310 (pro
1231 2269 1378 2308 quibus‘,
1396 2269 1480 2308 fort.

162 2317 258 2351 ναίω
278 2322 375 2352 quam
394 2312 435 2342 iis
453 2313 564 2342 invitis
582 2323 600 2342 a
617 2313 738 2352 quibus
752 2313 851 2351 Bake,
876 2313 954 2353 seep
971 2324 977 2343 z
1001 2323 1097 2351 quarn
1113 2313 1213 2342 salvis
1230 2318 1317 2351 capt.
1347 2324 1366 2343 a
1389 2313 1478 2351 quib.

161 2355 264 2386 Reid:
303 2365 400 2395 quam
433 2356 507 2386 sine
539 2356 721 2395 ignominia
755 2355 893 2386 redditis
923 2356 963 2386 iis
996 2361 1081 2395 capt.
1115 2366 1133 2385 a
1161 2355 1247 2394 quib.
1281 2356 1322 2386 K.
1354 2355 1483 2386 Busche

164 2409 174 2428 1
187 2409 197 2428 1
225 2399 299 2438 quis
314 2399 406 2431 codd.
419 2403 549 2440 praeter
560 2399 602 2430 Pl
618 2399 726 2440 (quid)
741 2410 746 2429 :
772 2399 829 2438 qui
846 2399 975 2429 Klotzio
987 2403 1069 2429 auct.
1087 2398 1195 2428 Halm
1207 2399 1260 2428 all.
1353 2409 1394 2428 20
1418 2400 1479 2429 sal-

162 2453 238 2473 vam
258 2452 334 2473 esse
356 2442 383 2473 G
1338 2485 1351 2514 1

1358 2485 1394 2514 32<
