1774 2782
510 132 619 171 PRO
652 134 690 169 P.
725 131 917 169 SESTIO
949 130 1164 169 ORATIO
1480 136 1503 174 5
1529 142 1563 171 13

175 244 244 280 sed
262 243 336 280 fixa
351 243 402 279 ad
420 242 650 279 memoriam
667 240 768 278 illius
785 239 1008 290 provinciae
1026 239 1317 289 sempiternam.
1354 239 1501 275 Verum

175 308 271 345 haec
301 307 354 345 ita
383 314 670 356 praetereamus
699 314 741 343 ut
777 314 909 344 tamen
944 305 1141 344 intuentes
1171 312 1209 342 et
1239 309 1502 352 respectantes

174 371 463 421 relinquamus:
493 372 544 409 ad
573 370 827 417 tribunatum,
851 369 918 420 qui
948 370 1031 420 ipse
1058 371 1108 408 ad
1137 382 1220 407 sese
1248 368 1323 406 iam
1351 368 1501 405 dudum
1525 367 1552 402 6

174 444 287 474 vocat
309 444 346 474 et
363 436 537 485 quodam
559 436 680 472 modo
701 435 886 473 absorbet
908 435 1125 473 orationem
1150 446 1289 478 meam,
1314 439 1503 470 contento

137 515 153 545 5
174 501 305 539 studio
326 513 520 550 cursuque
541 499 755 538 veniamus.

230 568 291 604 De
312 579 391 616 quo
413 567 575 615 quidem
603 565 802 603 tribunatu
832 564 884 602 ita
911 564 1061 603 dictum
1086 569 1141 601 est
1162 577 1184 601 a
1212 564 1260 611 Q.
1287 560 1503 600 Hortensio
1528 572 1566 603 14

174 641 216 671 ut
246 634 328 671 eius
359 631 483 670 oratio
511 645 591 670 non
621 630 894 669 defensionem
923 631 1044 668 modo
1071 629 1266 667 videretur
1295 626 1502 665 criminum

174 697 387 744 continere,
411 698 480 735 sed
501 697 619 735 etiam
641 697 832 734 memoria
851 695 1012 745 dignam
1035 693 1224 733 iuventuti
1248 693 1300 731 rei
1322 691 1504 742 publicae

173 763 439 813 capessendae
460 761 732 799 auctoritatem
754 760 1084 810 disciplinamque
1107 758 1381 809 praescribere.
1427 758 1504 795 Sed

115 842 155 865 10
173 836 317 875 tamen,
349 827 538 877 quoniam
567 826 788 864 tribunatus
820 833 925 864 totus
958 827 1000 864 P.
1035 824 1134 863 Sesti
1167 825 1263 862 nihil
1294 822 1401 861 aliud
1431 821 1501 860 nisi

175 907 306 932 meum
324 907 470 931 nomen
487 906 726 942 causamque
744 891 936 937 sustinuit,
957 890 1178 929 necessario
1200 889 1295 927 mihi
1311 890 1361 927 de
1379 887 1503 926 isdem

173 958 288 996 rebus
318 971 403 996 esse
432 957 597 995 arbitror
627 956 658 994 si
688 970 768 994 non
799 955 980 994 subtilius
1011 955 1307 1004 disputandum,
1330 960 1369 991 at
1400 960 1503 991 certe

173 1023 371 1061 dolentius
405 1022 706 1071 deplorandum.
778 1022 868 1069 Qua
902 1020 942 1058 in
978 1022 1155 1058 oratione
1190 1019 1221 1057 si
1254 1017 1429 1068 asperius
1464 1019 1502 1054 in

174 1089 368 1137 quosdam
400 1087 582 1125 homines
615 1086 745 1124 invehi
777 1087 929 1132 vellem,
962 1085 1048 1135 quis
1079 1099 1161 1124 non
1193 1084 1430 1122 concederet
1461 1090 1503 1120 ut

115 1168 153 1199 15
174 1166 254 1199 eos,
283 1166 451 1202 quorum
482 1152 638 1190 sceleris
668 1153 796 1189 furore
823 1151 989 1188 violatus
1018 1164 1157 1197 essem,
1187 1151 1294 1188 vocis
1325 1149 1503 1187 libertate

174 1218 501 1268 perstringerem?
540 1219 618 1256 Sed
639 1231 751 1267 agam
774 1217 975 1255 moderate
993 1224 1030 1254 et
1047 1217 1163 1254 huius
1184 1214 1314 1265 potius
1335 1213 1502 1264 tempori

173 1283 336 1321 serviam
366 1297 484 1332 quam
514 1281 642 1321 dolori
670 1295 783 1320 meo:
823 1281 855 1319 si
886 1281 951 1331 qui
979 1283 1134 1319 occulte
1163 1294 1186 1318 a
1216 1282 1340 1318 salute
1371 1286 1502 1318 nostra

172 1349 419 1395 dissentiunt,
442 1350 613 1395 lateant3
642 1347 673 1386 si
694 1346 761 1397 qui
784 1348 959 1385 fecerunt
979 1346 1128 1396 aliquid
1149 1345 1363 1395 aliquando
1383 1352 1501 1394 atque

172 1413 301 1452 eidem
331 1427 437 1452 nunc
467 1421 598 1451 tacent
627 1420 665 1450 et
693 1411 911 1462 quiescunt,
935 1425 1007 1450 nos
1029 1423 1190 1461 quoque
1216 1410 1337 1448 simus
1365 1408 1501 1472 obliti3

114 1492 153 1513 20
172 1479 202 1517 si
237 1479 304 1529 qui
336 1493 376 1518 se
407 1480 586 1525 offerunt,
621 1477 872 1524 insectantur,
908 1478 1040 1526 quoad
1072 1476 1159 1515 ferri
1192 1482 1386 1526 poterunt,
1421 1487 1502 1524 per-

172 1546 351 1591 feremus,
388 1556 519 1593 neque
553 1556 795 1592 quemquam
835 1543 1010 1580 offendet
1045 1541 1169 1580 oratio
1204 1554 1292 1579 mea
1325 1539 1398 1578 nisi
1433 1539 1501 1589 qui

171 1623 212 1647 se
247 1609 299 1647 ita
328 1608 513 1647 obtulerit
544 1616 586 1646 ut
618 1608 657 1645 in
687 1621 778 1646 eum
811 1621 892 1645 non
924 1607 1111 1646 invasisse
1141 1607 1210 1645 sed
1242 1604 1500 1644 incucurrisse

172 1674 382 1713 videamur.

227 1741 303 1778 Sed
334 1752 494 1778 necesse
519 1746 588 1785 est,
611 1746 702 1776 ante
724 1750 842 1787 quam
869 1738 918 1775 de
946 1736 1146 1774 tribunatu
1177 1738 1219 1775 P.
1244 1735 1344 1774 Sesti
1370 1735 1500 1774 dicere
1525 1749 1558 1782 15

112 1812 151 1844 25
173 1803 367 1853 incipiam,
391 1817 455 1842 me
475 1811 602 1842 totum
631 1801 840 1852 superioris
864 1801 957 1840 anni
979 1801 1032 1840 rei
1053 1800 1235 1852 publicae
1255 1800 1499 1850 naufragium

171 1881 376 1918 exponere,
400 1869 439 1906 in
467 1882 547 1918 quo
574 1867 813 1916 conligendo
841 1880 887 1904 ac
914 1867 1127 1905 reficienda
1154 1867 1276 1904 salute
1298 1865 1499 1903 communi

170 1933 303 1971 omnia
342 1933 582 1983 reperientur
617 1935 657 1970 P.
693 1931 794 1970 Sesti
834 1933 945 1978 facta,
984 1931 1101 1978 dicta,
1137 1932 1300 1969 consilia
1338 1938 1497 1968 versata.

172 2000 312 2037 Fuerat
335 2000 397 2037 ille
417 2012 544 2037 annus
565 2007 645 2036 tam
667 1999 706 2036 in
728 2012 768 2037 re
785 1998 953 2048 publica,
974 1997 1161 2043 iudices,†
1182 2009 1271 2034 cum
1294 1995 1332 2032 in
1355 2008 1498 2044 magno
1521 2002 1542 2040 7

171 2072 280 2103 motu
307 2072 344 2103 et
373 2065 583 2102 multorum
609 2064 748 2102 timore
779 2063 954 2102 intentus
985 2069 1039 2101 est
1064 2075 1175 2100 arcus
1203 2060 1243 2098 in
1272 2073 1335 2098 me
1359 2072 1493 2105 unum,

214 2170 235 2199 6
260 2174 309 2199 est
327 2180 404 2200 corr.
428 2169 472 2200 G:
500 2180 563 2199 om.
581 2169 613 2198 P
626 2173 654 2198 ct
670 2169 756 2198 codd.
771 2169 848 2208 pler.
984 2169 1003 2198 8
1028 2168 1164 2207 dignam
1183 2166 1346 2196 iuventuti
1365 2163 1477 2194 Madv.
1496 2177 1501 2195 ε

173 2213 304 2251 dignam
325 2213 381 2242 iuti
400 2212 442 2242 Pl
459 2224 466 2242 ι
491 2212 592 2251 digna
616 2212 661 2242 uti
681 2211 725 2240 P2
742 2212 805 2243 rell.
976 2221 1018 2241 20
1044 2212 1255 2240 insectantur
1271 2210 1341 2239 secl.
1365 2208 1502 2238 Wirherl

172 2257 212 2285 28
241 2261 306 2285 tam
335 2255 444 2286 codd-t
478 2256 540 2285 iam
571 2254 765 2294 Mmlvzgius
911 2254 992 2284 Post
1023 2255 1148 2284 iudices
1181 2252 1344 2293 quaedam
1378 2252 1498 2280 interci-

171 2298 254 2329 disse
269 2299 427 2330 arbitror:
454 2299 576 2329 Fuerat
602 2299 657 2328 ille
681 2308 789 2328 annus
809 2303 873 2328 tam
894 2299 925 2327 in
945 2308 979 2328 re
999 2299 1092 2337 pub..
1113 2298 1252 2335 iudices,
1274 2295 1500 2336 (calann'losus

171 2353 275 2381 qnam
290 2343 364 2381 sore
384 2343 639 2383 suspicabamur
663 2342 749 2381 lam>
775 2352 849 2371 cum
878 2342 989 2380 (quam
1016 2341 1093 2371 1³23
1114 2355 1136 2364 =
1158 2340 1276 2379 quom)
1311 2340 1343 2368 in
1377 2348 1497 2376 magno

170 2389 222 2416 etc.
274 2386 320 2425 (f
341 2390 355 2424 ξ
377 2388 437 2424 163
461 2385 546 2417 Har.
570 2385 665 2425 Resp.
690 2389 703 2423 ,Ε
723 2397 739 2424 4
759 2397 765 2416 :
790 2396 818 2415 v.
843 2384 888 2416 Cl.
911 2385 974 2423 Qu.
996 2384 1038 2414 iii.
1062 2385 1134 2421 267>
1149 2385 1168 2413 8
1259 2393 1299 2421 29
1325 2386 1375 2412 cst
1393 2381 1496 2422 suppl.

172 2428 273 2459 Μαιίῑι
