1774 2782
146 540 163 570 5

126 867 164 889 10

523 159 634 197 PRO
666 160 706 196 P.
738 159 929 197 SESTIO
962 159 1177 197 ORATIO
1471 167 1513 204 51

186 275 434 317 anagnostae,
468 267 587 306 libelli
619 282 688 318 pro
718 268 809 306 vino
839 268 954 307 etiam
986 281 1102 317 saepe
1131 267 1512 317 oppignerabantur;

186 332 370 370 manebat
395 332 647 370 insaturabile
673 333 883 379 abdomen,
908 334 1044 382 copiae
1065 332 1312 370 deficiebant.
1373 333 1512 381 Itaque

185 409 338 446 semper
351 397 576 434 versabatur
592 396 631 434 in
645 410 713 446 spe
728 411 854 435 rerum
870 410 1070 444 novarum,
1087 396 1167 434 otio
1183 404 1220 434 et
1235 396 1511 445 tranquillitate

184 460 237 498 rei
259 461 438 510 publicae
459 462 777 499 consenescebat.

1538 171 1596 193 110

239 527 400 575 Ecquae
430 525 570 564 seditio
600 539 789 575 umquam
821 525 891 563 suit
924 525 962 563 in
993 539 1069 574 qua
1099 538 1178 562 non
1210 525 1273 563 ille
1303 524 1511 574 princeps?
1531 530 1580 568 52

183 590 297 640 ecqui
325 590 532 629 seditiosus
560 591 623 628 cui
650 591 714 629 ille
743 604 823 629 non
851 591 1076 628 familiaris?
1114 603 1262 640 ecquae
1289 590 1511 628 turbulenta

183 655 316 693 contio
337 655 446 693 cuius
474 655 538 694 ille
566 669 646 693 non
674 656 918 694 concitator?
976 655 1050 694 Cui
1072 655 1174 693 bene
1201 654 1294 693 dixit
1322 668 1509 704 umquam

184 720 320 758 bono?
350 720 451 758 bene
467 720 563 759 dixit
579 723 595 758 ?
624 721 746 758 immo
764 733 881 770 quem
904 722 1042 758 fortem
1059 728 1097 758 et
1114 720 1263 758 bonum
1284 719 1409 757 civem
1430 732 1509 756 non

183 784 494 834 petulantissime
525 794 582 824 est
613 786 854 824 insectatus?
889 785 969 835 qui,
996 793 1038 823 ut
1068 786 1197 831 credo,
1227 798 1307 822 non
1337 783 1510 822 libidinis

183 863 314 897 causa,
335 852 404 889 sed
434 858 476 888 ut
505 850 701 900 plebicola
721 850 929 898 videretur,
949 851 1170 888 libertinam
1198 849 1307 887 duxit
1336 861 1507 887 uxorem.

185 917 223 953 Is
255 917 305 953 de
338 930 400 954 me
435 916 659 965 suffragium
692 915 789 962 tulit,
824 915 854 953 is
885 915 1019 961 adfuit,
1054 915 1084 952 is
1116 914 1287 952 interfuit
1319 913 1441 962 epulis
1474 921 1511 951 et

182 981 506 1030 gratulationibus
535 980 839 1030 parricidarum;
873 980 912 1017 in
943 993 1022 1029 quo
1052 987 1184 1017 tamen
1215 986 1272 1016 est
1302 992 1364 1016 me
1394 979 1512 1025 ultus,

183 1060 273 1084 cum
304 1047 370 1085 illo
400 1059 466 1085 ore
497 1046 676 1084 inimicos
707 1054 764 1084 est
794 1058 903 1084 meos
934 1045 1113 1083 saviatus.
1174 1044 1252 1092 Qui
1283 1043 1392 1093 quasi
1425 1056 1511 1082 mea

183 1113 298 1161 culpa
327 1112 432 1150 bona
461 1111 684 1161 perdiderit,
711 1111 763 1149 ita
792 1111 844 1149 ob
869 1124 956 1149 eam
986 1110 1110 1160 ipsam
1140 1122 1298 1147 causam
1328 1117 1385 1147 est
1417 1108 1511 1146 mihi

185 1177 376 1224 inimicus,
408 1177 500 1226 quia
529 1176 625 1214 nihil
660 1177 790 1214 habet.
848 1177 989 1213 Vtrum
1025 1188 1096 1224 ego
1127 1173 1197 1212 tibi
1232 1173 1508 1223 patrimonium

183 1242 317 1292 eripui,
351 1242 464 1289 Gelli,
497 1255 546 1280 an
579 1250 621 1280 tu
656 1240 892 1280 comedisti?
950 1240 1088 1288 Quid?
1127 1247 1168 1277 tu
1203 1252 1292 1277 meo
1323 1238 1508 1288 periculo,

181 1320 318 1356 gurges
338 1320 385 1344 ac
400 1320 544 1356 vorago
564 1306 786 1357 patrimoni,
804 1305 1041 1351 heIluabare,
1059 1312 1111 1351 ut,
1131 1303 1161 1341 si
1178 1316 1250 1353 ego
1271 1304 1407 1341 consul
1429 1316 1509 1341 rem

182 1373 380 1422 publicam
401 1381 537 1411 contra
556 1380 594 1411 te
621 1380 658 1411 et
685 1371 847 1422 gregalis
874 1378 962 1408 tuos
991 1370 1271 1415 defendissem,
1292 1368 1331 1405 in
1355 1367 1509 1405 civitate

182 1451 266 1476 esse
280 1451 343 1476 me
360 1439 513 1476 nolles?
552 1439 612 1475 Te
628 1450 747 1475 nemo
763 1444 919 1474 tuorum
934 1435 1065 1474 videre
1078 1435 1173 1481 vult,
1186 1445 1323 1471 omnes
1344 1432 1506 1478 aditum,

124 1520 137 1540 2
183 1516 414 1549 sermonem,
433 1515 686 1552 congressum
703 1509 815 1540 tuum
832 1500 1006 1550 fugiunt:
1037 1507 1075 1537 te
1096 1499 1235 1536 sororis
1258 1497 1357 1534 filius
1375 1499 1510 1534 Postu-

183 1567 297 1615 mius,
312 1569 544 1606 adulescens
559 1568 698 1617 gravis,
714 1565 824 1605 senili
842 1564 998 1611 iudicio,
1017 1564 1175 1609 notavit,
1194 1576 1284 1600 cum
1306 1561 1344 1599 in
1367 1574 1509 1610 magno

183 1646 346 1670 numero
376 1641 545 1671 tutorem
580 1632 711 1670 liberis
741 1645 821 1670 non
851 1629 1028 1668 instituit.
1088 1630 1166 1666 Sed
1195 1629 1318 1666 elatus
1349 1628 1442 1665 odio
1472 1635 1509 1664 et

183 1711 272 1736 meo
299 1707 336 1736 et
363 1698 415 1736 rei
443 1698 624 1747 publicae
654 1697 828 1744 nomine,
856 1708 1023 1745 quorum
1052 1693 1115 1731 ille
1142 1692 1215 1730 utri
1243 1691 1291 1729 sit
1318 1690 1510 1729 inimicior

183 1763 327 1810 nescio,
364 1765 473 1813 plura
507 1763 585 1801 dixi
621 1776 739 1812 quam
779 1761 994 1800 dicendum
1033 1758 1104 1797 suit
1137 1758 1176 1795 in
1211 1756 1508 1795 furiosissimum

182 1836 300 1877 atque
324 1827 617 1878 egentissimum
645 1840 876 1877 ganeonem.
936 1826 1036 1864 Illuc
1063 1831 1253 1862 revertor:
1285 1830 1420 1860 contra
1448 1835 1510 1859 me

182 1906 272 1930 cum
300 1893 347 1931 sit
371 1901 514 1939 actum,
538 1900 652 1942 capta
679 1892 774 1930 urbe
803 1899 921 1941 atque
951 1902 1147 1939 oppressa,
1171 1889 1353 1934 Gellium,
1377 1887 1510 1924 Firmi-

180 1956 303 2005 (lium,
317 1958 477 2004 Titium,
496 1957 673 1996 eiusdem
692 1958 798 1995 modi
815 1955 931 1993 furias
948 1955 1021 1992 illis
1038 1952 1312 1991 mercennariis
1328 1952 1508 2001 gregibus

180 2023 300 2059 duces
331 2030 368 2060 et
403 2030 581 2060 auctores
620 2021 748 2068 fuisse,
785 2034 874 2058 cum
906 2020 988 2069 ipse
1022 2020 1120 2056 lator
1154 2017 1249 2054 nihil
1284 2017 1334 2054 ab
1369 2017 1506 2053 horum

180 2087 431 2137 turpitudine,
475 2088 650 2135 audacia,
693 2086 874 2125 sordibus
917 2085 1152 2122 abhorreret.
1225 2084 1277 2119 At
1323 2094 1412 2118 cum
1458 2082 1507 2119 de

179 2196 269 2221 artes
290 2190 511 2222 Luterbacher.
537 2191 721 2221 suavitates
746 2190 890 2221 Mueller.
916 2187 1092 2217 sanitatem
1118 2184 1214 2216 Paul.
1236 2184 1326 2214 savia
1344 2189 1375 2214 te
1393 2183 1504 2221 Hertz,

179 2245 369 2273 ganeonem
404 2240 514 2265 tamen
552 2234 734 2274 Landgraf.
791 2234 877 2263 For-t.
907 2231 997 2261 Nihil
1023 2240 1103 2259 sane
1131 2233 1280 2258 attente:
1320 2227 1415 2266 (non)
1441 2227 1504 2257 iuv.

178 2288 300 2317 anagn.
382 2287 394 2307 1
415 2288 477 2317 pro
488 2279 568 2307 vino
583 2278 680 2307 etiam
696 2287 799 2315 saepe
811 2274 921 2305 PBG:
940 2274 1039 2304 etiam
1055 2283 1116 2311 pro
1131 2272 1205 2301 vino
1218 2281 1321 2309 saepo
1332 2271 1385 2300 ks:
1404 2270 1503 2299 etiam

179 2331 282 2360 saepe
308 2332 368 2360 pro
393 2322 471 2351 vino
495 2332 524 2350 w
663 2323 684 2350 6
712 2321 763 2350 cui
788 2318 868 2348 ΒΣ;
895 2318 972 2356 quoi
996 2316 1061 2346 1³2:
1089 2326 1155 2353 quo
1176 2313 1253 2344 P¹G
1396 2323 1412 2351 7
1439 2323 1504 2342 non

178 2375 203 2395 S.
218 2364 237 2395 Ι.
256 2365 288 2394 P
404 2375 440 2394 12
465 2364 555 2394 ultus
572 2375 644 2394 cum
664 2364 718 2393 illo
738 2373 797 2393 ore
816 2360 1069 2400 Paumgallms:
1094 2359 1178 2388 ullus
1196 2367 1269 2386 cum
1289 2357 1344 2386 illo
1364 2367 1398 2386 re
1418 2359 1504 2389 (reo)

178 2407 268 2439 codd.
394 2418 434 2437 22
459 2408 567 2437 elatus
581 2407 625 2436 ΡΖ
639 2408 703 2437 rell.
721 2419 728 2437 ι
752 2407 839 2436 latus
854 2404 930 2434 1³¹oe
1041 2404 1082 2431 26
1107 2406 1156 2431 est
1173 2400 1283 2431 hlaa'v.
1375 2400 1502 2438 actum]

179 2451 277 2480 latum
300 2452 393 2481 (hell.
432 2451 487 2481 sed
500 2452 536 2489 cs.
560 2455 574 2488 ξ
599 2453 673 2490 125)

1537 928 1589 950 111

1536 1833 1590 1855 112
