1774 2782
220 140 262 177 18
282 154 322 185 43
652 140 706 175 M.
741 138 907 175 TVLLI
941 137 1246 176 CICERONIS

210 582 256 618 19

214 1242 254 1272 44

201 2025 253 2052 20

279 261 328 285 ne
356 254 533 297 saeptum
565 247 612 284 sit
638 245 682 284 iis
708 247 778 284 iter
806 246 846 283 in
872 253 1104 296 perpetuum
1135 248 1184 285 ad
1215 248 1290 285 hoc
1321 247 1605 297 amplissimum

277 312 494 362 praemium
513 312 689 358 civitatis,
710 319 747 349 et
769 325 913 361 magno
930 324 1048 361 opere
1070 313 1115 350 iis
1136 325 1221 351 esse
1242 314 1469 351 laetandum
1490 314 1605 350 huius

280 379 320 415 L.
357 378 515 416 Corneli
557 376 866 415 benivolentiam
907 390 995 426 erga
1039 390 1129 415 suos
1173 390 1374 416 remanere
1413 377 1603 425 Gadibus,

276 442 438 492 gratiam
460 450 497 480 et
519 442 745 480 facultatem
774 442 1085 481 commendandi
1107 442 1145 480 in
1168 444 1240 480 hac
1261 442 1416 481 civitate
1437 443 1607 481 versari?

277 507 376 554 Quis
399 515 456 545 est
477 507 582 545 enim
605 514 781 545 nostrum
811 506 872 544 cui
902 520 983 545 non
1011 507 1075 545 illa
1095 507 1229 546 civitas
1258 509 1305 545 sit
1326 509 1441 546 huius
1463 508 1603 555 studio,

277 586 379 619 cura,
405 572 605 622 diligentia
627 572 971 611 commendatior?
1015 573 1169 611 Omitto
1190 572 1346 623 quantis
1367 573 1606 611 ornamentis

276 639 466 687 populum
497 637 614 675 istum
643 639 688 677 C.
712 639 866 684 Caesar,
898 651 988 676 cum
1018 645 1119 676 esset
1150 639 1187 676 in
1218 639 1413 688 Hispania
1441 645 1603 687 praetor,

275 702 472 749 adfecerit,
502 704 785 741 controversias
815 702 973 750 sedarit,
1002 702 1083 740 iura
1111 704 1284 752 ipsorum
1315 702 1505 753 permissu
1536 710 1606 740 sta-

276 767 402 814 tuerit,
441 769 697 806 inveteratam
738 768 938 817 quandam
979 767 1199 806 barbariam
1235 781 1280 806 ex
1319 768 1605 806 Gaditanorum

275 832 450 871 moribus
468 832 756 883 disciplinaque
773 834 922 879 delerit,
944 846 1097 871 summa
1115 834 1153 871 in
1170 847 1256 872 eam
1274 833 1469 871 civitatem
1492 833 1606 871 huius

275 905 411 947 rogatu
433 899 562 936 studia
584 906 621 936 et
642 898 836 936 beneficia
857 898 1077 937 contulerit.
1135 900 1264 936 Multa
1284 905 1485 948 praetereo
1506 911 1606 948 quae

275 962 420 1001 cotidie
447 963 581 1002 labore
611 962 726 1000 huius
749 970 786 1001 et
810 964 941 1001 studio
962 971 1028 1001 aut
1056 963 1220 1001 omnino
1241 972 1307 1002 aut
1329 971 1431 1002 certe
1455 963 1606 1002 facilius

275 1035 578 1077 consequantur.
640 1029 780 1077 Itaque
811 1036 848 1066 et
879 1029 1023 1066 adsunt
1055 1027 1250 1077 principes
1281 1027 1445 1066 civitatis
1476 1036 1513 1066 et
1543 1029 1607 1066 de·

276 1094 441 1131 fendunt
462 1106 596 1130 amore
617 1100 658 1130 ut
676 1106 790 1130 suum
808 1094 946 1138 civem,
966 1092 1193 1131 testimonio
1215 1101 1255 1131 ut
1272 1100 1459 1139 nostrum,
1478 1093 1606 1130 officio

275 1166 316 1196 ut
348 1172 393 1196 ex
430 1157 676 1196 nobilissimo
715 1158 789 1196 civi
829 1157 1120 1196 sanctissimum
1157 1157 1366 1208 hospitem,
1400 1157 1531 1195 studio
1565 1165 1606 1195 ut

276 1224 619 1273 diligentissimum
642 1224 891 1262 defensorem
920 1224 1223 1262 commodorum
1246 1236 1415 1261 suorum.
1476 1224 1535 1260 Ac
1557 1235 1606 1260 ne

275 1289 345 1338 ipsi
369 1288 554 1327 Gaditani
580 1289 825 1336 arbitrentur,
851 1302 1093 1338 quamquam
1123 1290 1232 1326 nullo
1262 1289 1517 1326 incommodo
1542 1289 1606 1326 ad-

274 1355 462 1401 ficiantur,
497 1356 527 1392 si
564 1355 677 1392 liceat
718 1368 853 1392 eorum
895 1354 989 1392 civis
1021 1354 1171 1392 virtutis
1208 1367 1324 1391 causa
1358 1353 1397 1391 in
1433 1361 1606 1391 nostram

273 1419 470 1457 civitatem
494 1420 634 1466 venire,
659 1426 791 1457 tamen
820 1420 895 1456 hoc
924 1419 1010 1468 ipso
1040 1418 1197 1456 inferius
1226 1431 1311 1457 esse
1332 1432 1446 1456 suum
1469 1419 1607 1457 foedus

274 1498 391 1534 quam
414 1491 645 1530 ceterorum,
662 1484 900 1522 consolabor
917 1491 954 1522 et
973 1485 1044 1521 hos
1062 1483 1289 1533 praesentis,
1305 1484 1405 1521 viros
1423 1484 1604 1533 optimos,

274 1558 310 1588 et
345 1550 449 1587 illam
485 1550 753 1588 fidelissimam
788 1557 906 1599 atque
937 1548 1215 1587 amicissimam
1250 1548 1363 1587 nobis
1397 1548 1604 1595 civitatem,

274 1616 388 1653 simul
422 1624 457 1653 et
492 1628 559 1653 vos
597 1628 677 1652 non
718 1615 941 1664 ignorantis,
976 1616 1137 1661 iudices,
1174 1613 1411 1661 admonebo,
1445 1627 1523 1663 quo
1556 1615 1607 1652 de

274 1681 354 1718 iure
375 1682 451 1718 hoc
473 1680 662 1718 iudicium
685 1680 943 1719 constitutum
967 1681 1026 1727 sit,
1051 1681 1100 1718 de
1129 1693 1176 1719 eo
1206 1692 1421 1729 numquam
1443 1679 1606 1718 omnino

274 1760 358 1785 esse
379 1746 612 1784 dubitatum.

330 1813 442 1860 Quos
482 1812 596 1861 igitur
631 1812 959 1862 prudentissimos
996 1812 1227 1862 interpretes
1259 1812 1472 1857 foederum,
1506 1823 1605 1860 quos

276 1876 529 1926 peritissimos
552 1877 679 1915 bellici
702 1876 805 1924 iuris,
829 1890 929 1926 quos
956 1876 1277 1927 diligentissimos
1299 1878 1337 1914 in
1357 1875 1605 1926 exquirendis

274 1941 576 1980 condicionibus
605 1942 804 1980 civitatum
835 1950 954 1992 atque
980 1942 1107 1980 causis
1131 1956 1215 1981 esse
1236 1942 1499 1980 arbitramur?
1538 1954 1604 1978 eos

274 2009 449 2057 profecto
470 2007 538 2056 qui
559 2008 636 2045 iam
659 2007 821 2057 imperia
845 2021 890 2046 ac
918 2008 1020 2046 bella
1050 2016 1264 2058 gesserunt.
1324 2007 1481 2044 Etenim
1503 2007 1533 2043 si
1556 2006 1604 2053 Q.

274 2073 461 2111 Scaevola
488 2071 552 2110 ille
576 2085 708 2122 augur,
732 2086 822 2110 cum
852 2074 902 2111 de
930 2074 1011 2110 iure
1037 2072 1298 2122 praediatorio
1325 2072 1601 2116 consuleretur,

321 2186 334 2205 1
371 2175 403 2204 in
436 2181 566 2214 perpet.
595 2180 677 2206 auct.
714 2177 827 2207 Garat.
856 2176 1013 2207 lisneller:
1055 2180 1255 2215 perpetuum
1289 2175 1402 2206 codd.:
1441 2180 1606 2214 perpetuo

274 2219 319 2250 ed.
347 2218 492 2258 Het'vag.
655 2221 674 2250 8
709 2225 783 2250 ante
808 2220 1058 2250 controversias
1084 2219 1158 2250 add.
1185 2219 1264 2249 Rau
1290 2224 1342 2249 ut:
1373 2219 1428 2258 qui
1454 2218 1604 2249 Ernesti:

274 2263 361 2301 quod
380 2262 542 2293 Schuetz:
567 2268 647 2302 quot
665 2263 815 2303 Kraffert
933 2274 954 2302 9
979 2264 1145 2302 quandam
1166 2263 1283 2293 Lamb.
1299 2274 1304 2294 :
1332 2263 1497 2301 quondam
1515 2260 1602 2293 codd.

277 2316 313 2336 12
338 2306 506 2336 cotidiano
526 2307 616 2337 Paul
736 2317 774 2345 13
800 2312 833 2337 et
851 2308 976 2337 adsunt
994 2307 1167 2346 principes
1185 2307 1306 2336 adsunt
1324 2305 1475 2336 civitates
1493 2305 1602 2336 PBE:

275 2355 308 2380 et
330 2351 452 2381 adsunt
470 2350 624 2381 civitates
644 2350 704 2381 GE
884 2352 920 2381 18
946 2351 1063 2380 horum
1082 2349 1169 2380 codd.
1341 2360 1382 2379 20
1407 2348 1605 2379 consolabor

276 2398 309 2423 et
344 2393 499 2425 HG2h5‘:
543 2394 777 2425 consolaberet
814 2394 867 2425 P:
912 2393 1132 2424 consolabare
1170 2393 1224 2424 B:
1268 2392 1491 2424 consolabere
1531 2390 1607 2422 GlE

277 2438 517 2512 ῗῖθῗῢῐΙΙῖ-ζαέἷῖι
536 2438 646 2474 (Py-ov.
667 2437 760 2468 Cous.
783 2441 797 2475 ξ
821 2439 873 2477 16)
977 2438 1018 2467 26
1043 2436 1165 2476 publici
1185 2436 1265 2467 iuris
1283 2436 1375 2466 Paul
1472 2436 1513 2464 28
1539 2435 1603 2465 iarn

318 2499 337 2514 ι.
420 2517 427 2520 γ
441 2494 482 2522 g‘
501 2494 517 2511 s

1626 526 1643 556 5

1630 850 1667 872 10

1631 1170 1666 1202 15

1629 1501 1666 1522 20

1627 1827 1664 1859 25
