1774 2782
265 143 308 179 31
331 138 371 179 67
696 136 752 171 M.
783 136 951 171 TVLLI
983 135 1287 173 CICERONIS

328 257 400 281 suo
427 257 543 293 saepe
569 252 781 282 servasset:
812 245 976 283 accessit
1005 247 1057 283 ad
1086 259 1243 284 causam
1274 246 1485 296 publicam,
1516 245 1655 284 restitit

327 309 558 347 auctoritate
597 323 668 346 sua
706 309 864 358 reliquis
899 310 1025 356 rebus,
1060 319 1220 360 questus
1253 319 1310 349 est
1344 312 1395 349 de
1427 311 1652 361 praeteritis

267 382 306 412 68
330 374 430 411 Fieri
451 375 646 423 quaedam
671 375 723 412 ad
751 374 953 412 meliorem
982 388 1092 424 spem
1117 375 1318 414 inclinatio
1343 376 1424 414 visa
1450 383 1519 414 est.
1580 377 1656 413 De-

328 439 448 477 crevit
469 447 626 477 senatus
652 441 834 489 frequens
860 441 910 478 de
938 453 1027 478 meo
1052 440 1179 478 reditu
1207 440 1400 479 Kalendis
1424 440 1558 487 Iuniis,
1582 440 1656 478 dis-

328 504 521 543 sentiente
552 506 670 551 nullo,
709 507 900 544 referente
936 508 978 544 L.
1017 505 1178 553 Ninnio,
1210 505 1321 544 cuius
1351 506 1390 543 in
1421 519 1509 544 mea
1538 519 1655 544 causa
1676 522 1692 553 5

328 583 544 619 numquam
568 571 665 608 fides
683 571 883 621 virtusque
902 571 1150 609 contremuit.
1203 571 1429 610 Intercessit
1446 571 1566 621 Ligus
1583 571 1655 609 iste

327 634 461 673 nescio
488 635 566 684 qui,
596 635 912 674 additamentum
941 636 1189 674 inimicorum
1218 649 1408 674 meorum.
1466 638 1547 675 Res
1574 643 1656 674 erat

326 708 364 737 et
385 713 502 737 causa
522 708 654 738 nostra
674 714 722 738 eo
742 700 820 738 iam
836 701 912 739 loci
933 709 975 738 ut
996 701 1140 751 erigere
1157 703 1292 739 oculos
1308 708 1347 739 et
1362 702 1490 739 vivere
1509 702 1656 739 videre-

325 773 397 804 tur.
457 765 646 815 Quisquis
667 774 748 804 erat
769 766 835 816 qui
855 766 1027 816 aliquam
1044 774 1193 817 partem
1215 768 1254 804 in
1271 780 1361 804 meo
1376 768 1483 804 luctu
1501 766 1655 804 sceleris

326 830 509 869 Clodiani
526 830 729 880 attigisset,
745 845 1000 881 quocumque
1021 839 1189 879 venerat,
1209 833 1318 882 quod
1339 831 1527 870 iudicium
1550 845 1654 870 cum-
1676 847 1714 869 10

325 909 402 945 que
424 896 605 943 subierat,
630 897 914 934 damnabatur:
945 897 1217 935 inveniebatur
1237 910 1355 936 nemo
1376 897 1443 946 qui
1464 910 1505 935 se
1525 898 1655 935 suffra-

324 961 431 1010 gium
453 962 503 999 de
529 975 592 999 me
617 961 752 1000 tulisse
777 963 1039 1000 confiteretur.
1100 964 1333 1000 Decesserat
1358 976 1405 1000 ex
1425 962 1520 1000 Asia
1540 963 1655 1000 frater

326 1040 436 1064 meus
472 1040 616 1076 magno
651 1028 843 1077 squalore,
875 1028 945 1065 sed
981 1029 1106 1065 multo
1140 1027 1257 1066 etiam
1288 1027 1435 1066 maiore
1466 1041 1651 1066 maerore.

327 1091 434 1128 Huic
463 1092 514 1130 ad
545 1092 681 1129 urbem
713 1091 885 1130 venienti
917 1100 998 1130 tota
1027 1092 1185 1130 obviam
1210 1092 1344 1131 civitas
1369 1106 1459 1130 cum
1485 1092 1653 1130 lacrimis

323 1156 551 1206 gemituque
572 1165 825 1207 processerat.
887 1158 1142 1207 Loquebatur
1169 1157 1328 1196 liberius
1349 1165 1532 1205 senatus;
1559 1171 1653 1196 con-
1677 1175 1714 1207 15

325 1223 531 1261 currebant
545 1224 697 1272 equites
713 1223 883 1261 Romani
902 1239 912 1271 3
938 1223 1029 1261 Piso
1046 1224 1119 1270 ille,
1135 1237 1254 1274 gener
1267 1237 1388 1270 meus,
1408 1223 1470 1261 cui
1485 1225 1653 1261 fructum

324 1288 478 1337 pietatis
509 1302 602 1326 suae
631 1302 761 1338 neque
791 1303 837 1327 ex
868 1303 931 1327 me
961 1303 1090 1339 neque
1119 1303 1142 1326 a
1171 1290 1320 1339 populo
1347 1291 1531 1328 Romano
1556 1290 1654 1328 ferre

324 1354 442 1400 licuit,
479 1367 501 1391 a
536 1353 759 1404 propinquo
794 1368 866 1392 suo
898 1368 1078 1392 socerum
1114 1368 1229 1392 suum
1264 1354 1487 1404 flagitabat3
1521 1354 1653 1393 omnia

324 1427 481 1457 senatus
503 1419 700 1465 reiciebat,
724 1419 797 1457 nisi
820 1421 869 1458 de
891 1433 954 1457 me
976 1419 1145 1469 primum
1168 1421 1351 1457 consules
1372 1419 1623 1458 rettulissent.

379 1486 493 1532 Quae
523 1498 613 1522 cum
643 1498 703 1522 res
733 1484 809 1522 iam
841 1484 1022 1522 manibus
1053 1492 1259 1532 teneretur,
1283 1492 1321 1523 et
1350 1498 1440 1522 cum
1471 1486 1652 1523 consules
1675 1500 1715 1522 20

325 1549 611 1599 provinciarum
627 1550 809 1600 pactione
824 1550 1044 1589 libertatem
1061 1564 1220 1588 omnem
1238 1550 1651 1601 perdidissent,-qui‚

323 1629 412 1652 cum
442 1615 480 1652 in
507 1623 645 1653 senatu
669 1615 805 1664 privati
831 1624 872 1653 ut
902 1617 952 1654 de
983 1630 1045 1654 me
1076 1616 1288 1654 sententias
1313 1616 1488 1654 dicerent
1512 1615 1654 1665 flagita-

323 1680 430 1719 bant.
453 1681 577 1729 legem
601 1680 653 1717 illi
680 1694 720 1718 se
747 1681 930 1719 Clodiam
959 1681 1096 1719 timere
1122 1681 1333 1720 dicebant:
1364 1695 1453 1719 cum
1476 1682 1551 1719 hoc
1572 1695 1652 1720 non

322 1753 482 1795 possent
513 1745 589 1782 iam
620 1745 768 1782 diutius
799 1746 999 1793 sustinere,
1028 1747 1146 1784 initur
1175 1746 1383 1785 consilium
1415 1747 1465 1784 de
1495 1746 1652 1784 interitu

323 1812 394 1850 Cn.
420 1810 595 1860 Pompei.
658 1811 751 1859 Quo
779 1812 976 1861 patefacto
1007 1813 1187 1862 ferroque
1214 1814 1421 1862 deprenso,
1445 1811 1508 1849 ille
1533 1812 1651 1849 inclu-
1671 1824 1710 1856 25

321 1890 385 1914 sus
403 1876 511 1914 domi
526 1884 606 1914 tam
623 1876 690 1914 diu
714 1876 784 1914 fuit
808 1891 925 1927 quam
946 1878 1014 1916 diu
1036 1878 1218 1916 inimicus
1245 1891 1355 1916 meus
1377 1877 1415 1914 in
1437 1877 1648 1915 tribunatu.

253 1455 303 1491 32

263 1506 304 1547 69

322 1944 384 1980 De
409 1956 499 1980 meo
523 1943 649 1981 reditu
673 1951 765 1981 octo
788 1944 933 1982 tribuni
965 1946 1337 1994 promulgaverunt3
1376 1957 1421 1981 ex
1442 1956 1522 1992 quo
1542 1942 1652 1980 intel-

320 2009 465 2045 lectum
497 2015 553 2046 est
584 2022 664 2045 non
701 2008 796 2046 mihi
830 2009 984 2047 absenti
1018 2008 1183 2047 crevisse
1213 2008 1372 2054 amicos,
1403 2007 1441 2045 in
1471 2021 1518 2045 ea
1546 2021 1652 2057 prae-

364 2124 382 2150 4
409 2123 483 2142 meo
502 2125 526 2144 S.
544 2114 563 2144 l.
584 2114 629 2143 P2
735 2116 755 2144 8
780 2115 972 2145 videremur
991 2114 1030 2145 O.
1053 2112 1190 2143 Mueller
1299 2122 1405 2142 2022
1431 2116 1464 2141 et
1482 2122 1555 2141 cum
1574 2122 1652 2141 con-

320 2157 412 2186 sules
428 2181 435 2187 .
450 2181 457 2188 .
477 2181 484 2188 .
501 2158 696 2196 flagitabant
710 2159 776 2189 secl.
799 2158 979 2192 Eberhard,
1001 2157 1138 2197 improb.
1159 2155 1310 2186 Zielinsk.
1328 2167 1334 2185 2
1355 2155 1568 2185 consulesita
1589 2154 1650 2186 del.

321 2199 485 2240 Steuding
499 2204 534 2230 ut
549 2201 632 2240 legat
642 2212 716 2231 curn
733 2212 826 2240 prOV.
843 2207 929 2241 pact.
946 2226 953 2233 .
970 2225 977 2232 .
994 2225 1001 2231 .
1017 2200 1221 2239 quicumque
1236 2199 1268 2228 in
1283 2204 1400 2229 senatu
1500 2208 1541 2237 23
1564 2199 1651 2229 hanc

321 2242 458 2274 Passow
536 2255 576 2283 25
590 2246 758 2284 deprenso
772 2245 874 2275 ΡΒΣε
891 2245 1106 2284 deprehenso
1117 2243 1163 2274 ed.
1177 2242 1220 2273 R.
1236 2244 1375 2281 (compr.
1387 2243 1424 2281 k)
1515 2252 1555 2280 27
1574 2252 1650 2281 pro-

322 2287 559 2326 mulgaverunt
587 2288 654 2319 Gk:
683 2288 942 2327 promulgerunt
968 2287 1011 2317 Pl
1042 2287 1093 2327 (cs.
1121 2290 1316 2318 conteretur
1338 2285 1411 2315 P:
1432 2286 1652 2315 confiteretur

322 2332 337 2366 ξ
354 2332 410 2370 68)
430 2343 437 2362 z
461 2332 719 2371 promulgarunt
737 2332 780 2360 [³2
796 2332 859 2363 rell.
966 2333 1006 2361 28
1031 2341 1098 2361 non
1117 2330 1196 2360 mihi
1213 2328 1344 2359 Manat.
1366 2341 1372 2359 ε
1397 2339 1488 2359 nona
1506 2329 1586 2358 mihi
1604 2328 1649 2358 Pl

322 2374 356 2406 (a
382 2376 566 2415 expuncti:
603 2375 682 2405 milii
711 2374 755 2404 Ρ2
783 2375 845 2405 rell.
864 2387 870 2405 z
911 2385 978 2404 non
1008 2374 1107 2404 modo
1140 2373 1218 2402 mihi
1246 2373 1376 2402 absenti
1407 2382 1475 2402 non
1502 2373 1649 2402 crevisse

321 2418 448 2448 amicos
471 2417 620 2448 [Vez‘dner
706 2418 872 2458 crevisse]
891 2417 1084 2448 decrevisse
1101 2417 1205 2454 Kays.
1222 2427 1228 2446 :
1252 2416 1398 2446 defuisse
1418 2416 1574 2446 Illomms.
