1774 2782
302 154 347 191 15

304 921 346 953 40

302 1835 341 1866 41

295 2016 341 2052 16

370 161 409 194 39
440 205 442 207 Ι
715 150 770 186 Μ.
803 150 969 186 TVLLI
1002 149 1308 187 CICERONIS

367 271 445 295 non
469 266 636 305 scrutor,
661 271 741 295 non
762 271 848 294 sum
870 257 909 294 in
930 256 1172 306 exquirendo
1190 259 1269 295 iure
1290 270 1479 307 augurum
1498 256 1693 302 curiosus3

365 324 462 360 haec
482 335 582 371 quae
599 335 676 359 una
697 334 786 358 cum
808 322 956 370 populo
976 320 1106 368 didici,
1126 335 1226 370 quae
1248 335 1364 371 saepe
1386 321 1424 358 in
1441 320 1693 358 contionibus

365 400 550 436 responsa
578 393 677 431 sunt,
702 385 803 424 novi.
865 387 1022 436 Negant
1049 387 1104 424 fas
1127 400 1213 425 esse
1233 386 1293 436 agi
1315 400 1404 424 cum
1430 387 1577 435 populo
1603 399 1692 422 cum

364 453 415 489 de
449 452 557 489 caelo
592 458 786 488 servatum
822 450 881 488 sit.
955 453 1047 499 Quo
1080 451 1146 489 die
1184 452 1233 489 de
1267 459 1304 489 te
1340 453 1401 489 lex
1438 450 1584 489 curiata
1619 452 1694 488 lata

364 530 448 554 esse
472 515 633 562 dicatur,
657 516 779 553 audes
805 529 946 565 negare
971 517 1020 554 de
1045 518 1154 554 caelo
1178 530 1263 554 esse
1287 518 1512 554 servatum?
1568 517 1693 554 Adest
1715 530 1731 560 5

364 594 545 630 praesens
566 580 621 617 vir
645 580 827 630 singulari
849 580 998 627 virtute,
1022 581 1253 628 constantia,
1275 581 1461 630 gravitate
1482 580 1690 631 praeditus,

366 647 421 683 M.
446 647 609 683 Bibulus
627 660 634 683 :
664 647 769 683 hunc
794 647 997 684 consulem
1022 646 1087 683 illo
1109 646 1194 696 ipso
1214 646 1279 685 die
1298 647 1499 684 contendo
1521 660 1693 684 servasse

363 713 413 749 de
441 713 561 749 caelo.
623 712 826 749 ‘Infirmas
852 711 965 761 igitur
995 719 1035 749 tu
1065 719 1151 750 aeta
1181 712 1225 751 C.
1256 711 1445 758 Caesaris,
1476 711 1544 749 viri
1572 710 1693 749 fortis<

364 776 500 814 simi?’
559 776 751 823 Minime3
782 790 910 825 neque
938 776 1041 814 enim
1066 790 1155 815 mea
1176 776 1252 814 iam
1279 776 1490 827 quicquam
1519 776 1688 822 interest,

364 841 533 892 exceptis
560 841 604 879 iis
633 841 717 879 telis
745 855 845 891 quae
873 856 918 880 ex
949 841 1048 880 illius
1072 842 1296 880 actionibus
1320 842 1359 879 in
1390 856 1521 880 meum
1549 855 1690 892 corpus
1714 857 1752 877 10

366 907 525 945 inmissa
554 914 655 945 sunt.
715 908 793 945 Sed
821 908 917 944 haec
945 908 994 945 de
1023 907 1217 956 auspiciis,
1250 921 1351 957 quae
1377 921 1451 957 ego
1478 921 1583 945 nunc
1610 921 1691 957 per-

365 972 530 1010 breviter
549 972 709 1021 atting0‚
732 980 818 1010 acta
835 981 924 1010 sunt
944 986 967 1010 a
988 980 1035 1011 te.
1081 975 1143 1010 Tu
1165 981 1232 1011 tuo
1254 973 1535 1023 praecipitante
1556 973 1631 1010 iam
1654 981 1691 1010 et

363 1037 568 1075 debilitato
597 1037 795 1075 tribunatu
822 1037 1085 1087 auspiciorum
1114 1046 1299 1087 patronus
1329 1038 1460 1076 subito
1489 1037 1692 1085 exstitisti3

363 1111 403 1140 tu
434 1105 488 1139 M.
523 1102 709 1140 Bibulum
740 1102 779 1139 in
809 1102 1049 1150 contionem,
1081 1111 1121 1141 tu
1151 1118 1316 1153 augures
1346 1103 1586 1153 produxisti,
1622 1102 1690 1140 tibi

364 1167 614 1217 interroganti
644 1181 808 1217 augures
839 1170 1136 1218 responderunt,
1163 1183 1253 1206 cum
1281 1170 1331 1207 de
1359 1171 1468 1207 caelo
1496 1175 1690 1206 servatum
1714 1184 1747 1216 15

363 1232 420 1278 sit,
440 1246 529 1270 cum
552 1234 699 1282 populo
718 1232 779 1282 agi
801 1247 880 1270 non
904 1247 1043 1283 posse3
1068 1233 1136 1271 tibi
1160 1235 1216 1271 M.
1241 1233 1406 1271 Bibulus
1427 1233 1627 1283 quaerenti
1651 1247 1691 1271 se

363 1299 412 1335 de
437 1298 546 1334 caelo
573 1311 745 1335 servasse
775 1298 986 1347 respondit,
1015 1297 1199 1348 idemque
1224 1298 1264 1336 in
1288 1297 1475 1336 contione
1503 1297 1608 1344 dixit,
1641 1299 1690 1336 ab

364 1362 495 1412 Appio
513 1370 580 1399 tuo
597 1363 710 1400 fratre
730 1363 958 1411 productus,
979 1371 1016 1401 te
1037 1362 1211 1409 omnino,
1231 1364 1339 1413 quod
1362 1370 1498 1400 contra
1517 1363 1690 1413 auspicia

362 1428 572 1476 adoptatus
597 1441 714 1473 esses,
736 1427 935 1465 tribunum
961 1442 1041 1466 non
1069 1427 1199 1466 fuisse,
1256 1429 1344 1466 Tua
1364 1426 1535 1476 denique
1563 1427 1690 1465 omnis

362 1494 466 1530 actio
498 1492 776 1541 posterioribus
813 1492 1014 1530 mensibus
1044 1492 1126 1533 suit.
1163 1491 1297 1531 omnia
1327 1506 1428 1542 quae
1464 1492 1509 1531 C.
1546 1493 1690 1532 Caesar
1710 1507 1750 1528 20

363 1557 514 1607 egisset,
555 1558 662 1606 quod
700 1566 836 1596 contra
884 1559 1057 1606 auspicia
1095 1565 1225 1596 essent
1264 1565 1361 1604 acta,
1403 1571 1471 1607 per
1510 1566 1688 1595 senatum

363 1622 530 1661 rescindi
565 1630 770 1672 oportere3
813 1624 921 1672 quod
956 1623 986 1660 si
1023 1624 1141 1670 fieret,
1176 1623 1336 1661 dicebas
1366 1630 1404 1661 te
1437 1624 1512 1660 tuis
1547 1622 1688 1660 umeris

365 1702 426 1725 me
458 1688 662 1725 custodem
695 1686 800 1725 urbis
832 1688 870 1724 in
899 1688 1035 1726 urbem
1066 1690 1288 1726 relaturum.
1345 1687 1488 1725 Videte
1519 1686 1688 1725 hominis

363 1752 575 1790 amentiam
598 1767 614 1787 *
636 1766 653 1785 »κ
673 1767 690 1786 >ie
712 1767 780 1802 per
801 1767 914 1790 suum
932 1753 1172 1791 tribunatum
1194 1752 1371 1792 Caesaris
1391 1752 1487 1790 actis
1509 1751 1688 1802 inligatus

365 1825 569 1856 teneretur.
630 1816 668 1854 Si
702 1825 740 1854 et
775 1832 971 1855 sacrorum
1008 1818 1088 1856 iure
1122 1817 1327 1867 pontifices
1357 1825 1395 1855 et
1424 1816 1687 1867 auspiciorum
1711 1833 1748 1863 ²5

365 1882 550 1933 religione
582 1896 746 1932 augures
786 1891 912 1920 totum
947 1890 1124 1921 evertunt
1159 1882 1399 1920 tribunatum
1435 1889 1555 1928 tuum,
1593 1882 1688 1932 quid

364 1947 515 1998 quaeris
535 1949 732 1997 amplius?
755 1962 805 1985 an
827 1948 943 1986 etiam
963 1948 1133 1998 apertius
1153 1947 1314 1998 aliquod
1336 1948 1394 1985 ius
1416 1947 1550 1997 populi
1571 1955 1689 1997 atque

363 2015 522 2062 legum?
579 2015 690 2050 Hora
721 2014 882 2051 fortasse
910 2021 1014 2051 sexta
1046 2013 1123 2051 diei
1153 2020 1314 2063 questus
1344 2026 1429 2049 511111
1461 2011 1500 2049 in
1530 2011 1686 2058 iudicio,

363 2092 453 2115 cum
476 2080 520 2116 C.
543 2078 773 2125 Antonium,
796 2081 1001 2128 conlegam
1030 2092 1172 2124 meum,
1199 2078 1464 2124 defenderem,
1493 2078 1687 2127 quaedam

411 2186 431 2213 8
458 2184 610 2213 Infirmas
635 2184 736 2222 igitur
761 2190 795 2215 tu
819 2184 932 2215 Madv.
951 2196 958 2214 :
983 2184 1112 2213 infirma
1130 2188 1208 2213 sunt
1233 2183 1336 2221 igitur
1353 2186 1408 2212 tua
1425 2180 1515 2211 codd.
1532 2187 1602 2215 (tua
1619 2193 1688 2211 om.

370 2230 398 2259 G
416 2240 422 2258 ε
447 2234 503 2258 tua
520 2227 688 2257 sententia
706 2228 741 2265 k)
846 2239 866 2266 9
890 2229 980 2258 enim
999 2238 1051 2257 me
1069 2238 1142 2257 mea
1164 2227 1237 2256 Pet
1248 2225 1326 2265 pler.
1342 2238 1348 2256 :
1372 2236 1423 2255 me
1442 2235 1506 2255 om.
1528 2225 1566 2253 bk
1651 2236 1687 2262 14

369 2273 425 2302 tibi
438 2272 657 2310 interroganti
671 2276 708 2302 ut
717 2272 796 2302 coni.
812 2273 995 2312 Lahmeyer
1003 2273 1048 2302 ila
1059 2275 1087 2301 t:
1104 2276 1137 2301 te
1151 2269 1371 2307 interroganti
1386 2269 1492 2307 (-ante
1507 2267 1688 2305 HGMb2le)

368 2316 401 2345 P
414 2316 477 2346 rell.
494 2319 650 2355 praetere
670 2318 718 2345 (te
740 2316 954 2353 interrogati)
972 2328 979 2346 z
1003 2326 1022 2346 a
1045 2321 1078 2345 te
1095 2313 1291 2352 interrogati
1315 2312 1472 2341 Momms.
1646 2321 1683 2341 21

368 2361 456 2397 quod
473 2363 521 2390 el:
547 2370 612 2398 quo
632 2359 711 2388 PB:
731 2370 815 2397 quae
830 2359 1008 2392 HGMhs’:
1035 2360 1126 2398 ‘fort.
1139 2354 1443 2396 quom‘am’Baiter
1594 2366 1633 2392 24
1652 2359 1687 2384 ut

368 2413 465 2433 suum
483 2402 500 2431 b
517 2407 546 2432 rt
569 2402 613 2433 ed.
646 2402 680 2433 V.
701 2413 707 2432 :
732 2403 787 2432 ubi
813 2413 872 2442 per
893 2414 989 2434 suum
1007 2401 1194 2442 Naugerius
1219 2400 1267 2440 (1)
1288 2411 1295 2429 ι
1320 2398 1414 2438 quasi
1435 2409 1501 2428 non
1528 2398 1600 2437 ipse
1625 2408 1686 2437 per

369 2448 472 2487 suppl.
495 2447 622 2478 Halm:
649 2456 722 2476 cum
741 2451 851 2477 tamen
873 2446 945 2486 ipse
964 2457 1026 2486 per
1043 2445 1229 2483 Lahmeyer
