1774 2782
741 132 1150 174 PRAEFATIO

280 249 375 305 (E),
390 249 681 290 saeoxii—xiii
696 246 993 298 exaratus‚qui
1014 243 1198 285 Berolini
1217 257 1329 284 nunc
1351 243 1606 284 adservatur

283 319 395 371 (mss.
412 318 506 358 Lat.
528 317 639 370 252).
682 315 768 356 Sed
792 328 890 354 cum
914 315 999 353 iam
1017 314 1195 353 mutilus
1216 313 1270 351 sit
1292 312 1361 351 hic
1381 312 1500 359 liber,
1517 326 1603 352 non

282 387 359 427 nisi
381 387 422 426 in
451 385 714 426 orationibus
746 383 797 422 de
817 382 1012 435 Harusp.
1035 382 1261 433 Responsa,
1284 380 1335 420 de
1355 380 1604 421 Provinciis

287 454 591 496 consularibus
624 459 666 493 et
691 459 772 504 pro
799 451 932 491 Balbo
963 450 1185 490 adhibitus
1218 456 1293 489 est.
1356 449 1604 490 Varietates

284 524 494 576 quasdam
511 522 565 562 ad
580 523 819 562 orationem
838 526 935 573 post
952 519 1139 560 reditum
1158 519 1204 559 in
1225 519 1390 558 Senatu
1407 517 1601 558 habitam

283 593 385 633 citat
409 591 451 631 in
478 591 665 631 editione
697 590 919 630 Tui-icensi
952 588 1166 637 Halmius,
1189 602 1212 627 e
1238 587 1394 639 quibus
1427 587 1606 627 demon-

284 667 415 700 strare
437 659 535 700 licet
556 661 735 700 eandem
759 657 1066 710 transponendi
1098 656 1212 696 viam
1244 656 1482 709 ingressum
1513 669 1606 696 esse

284 729 442 769 codicis
484 728 746 768 Erfurtensis
787 726 1010 767 librarium
1063 739 1193 777 quam
1244 725 1379 765 secuti
1421 731 1520 765 sunt
1561 731 1604 765 et

287 796 606 838 Gemblacensis
637 802 692 846 et,
723 802 769 835 ut
796 801 945 847 postea
977 793 1177 844 elucebit,
1206 792 1487 845 Erlangensis
1521 792 1605 847 (ε);

285 865 490 919 exemplo
526 866 608 905 sint
634 865 677 904 hi
709 864 790 904 loci
828 864 867 903 in
899 862 1054 917 quibus
1084 862 1189 903 ordo
1217 861 1449 902 verborum
1482 861 1523 901 in
1557 861 1602 901 E

286 935 499 988 discrepat
528 948 552 974 a
572 933 672 974 PH
687 941 729 974 et
752 933 849 982 rell„
872 934 916 973 in
943 932 1040 972 Seri.
1065 932 1085 985 {s
1112 943 1128 970 1
1156 930 1275 971 uobis
1296 936 1459 970 nosmet
1479 930 1603 983 ipsos,

287 1002 354 1055 {⁸2
383 1001 577 1043 ordinem
616 1002 768 1055 ijsum,
800 1002 820 1054 ᾧ
850 1011 874 1054 5
896 1001 1079 1053 caligine
1110 999 1230 1049 anni,
1263 999 1359 1052 §22
1397 998 1480 1039 sibi
1513 1012 1608 1039 mea

285 1085 389 1111 cara
412 1071 531 1123 (σανα
546 1071 630 1111 sibi
643 1084 737 1111 mea
750 1069 846 1118 PB,
868 1069 951 1110 sibi
967 1083 1071 1109 cara
1094 1082 1188 1108 mea
1208 1068 1263 1107 H
1265 1066 1354 1121 Gs).

353 1140 630 1181 Harleianum
664 1149 774 1192 4927
808 1145 907 1193 post
939 1138 1064 1178 codd.
1093 1137 1130 1178 G
1162 1144 1203 1178 et
1234 1137 1279 1176 E
1312 1136 1501 1185 nomino,
1524 1149 1608 1176 non

288 1222 375 1261 quo
397 1208 606 1249 inferioris
627 1207 680 1247 sit
704 1213 842 1256 notae,
867 1207 940 1247 sed
972 1207 1073 1260 quia
1105 1206 1217 1245 hunc
1243 1206 1400 1246 librum
1427 1205 1488 1246 ita
1509 1218 1606 1245 cum

289 1276 596 1317 recentioribus
627 1277 885 1328 coniungere
910 1276 1009 1316 volo
1036 1283 1082 1315 ut
1115 1274 1278 1314 fontem
1309 1287 1387 1326 per
1414 1274 1491 1314 has
1513 1288 1608 1314 ora-

288 1347 425 1386 tiones
447 1353 594 1386 textus
617 1359 745 1398 quem
769 1351 926 1385 vocant
947 1344 1111 1397 vulgati
1144 1343 1271 1383 fuisse
1301 1344 1609 1384 demonstrem.

291 1416 493 1467 Namque
511 1415 552 1454 in
571 1412 763 1454 Sestiana
780 1420 822 1453 et
845 1414 888 1452 in
901 1412 1135 1453 Vatiniana
1157 1413 1405 1452 decurtatus
1427 1418 1492 1453 est
1513 1412 1606 1452 cod.

290 1484 350 1534 Η,
374 1485 547 1524 easdem
578 1483 661 1524 fere
689 1483 928 1524 excisiones
950 1482 1162 1522 exhibens
1186 1494 1297 1533 quae
1325 1487 1367 1522 et
1398 1480 1440 1521 in
1471 1480 1610 1534 quinti

292 1552 447 1592 decimi
464 1551 622 1592 saeculi
644 1551 868 1591 codicibus
890 1550 1169 1604 reperiuntur,
1189 1549 1325 1590 immo
1347 1550 1391 1589 in
1421 1549 1612 1590 editione

293 1622 493 1661 Romana
508 1620 749 1673 ceterisque
771 1619 890 1660 libris
905 1618 1126 1672 impressis
1147 1631 1282 1671 usque
1303 1619 1358 1659 ad
1373 1618 1608 1658 Ascensia-

293 1704 392 1731 nam
415 1688 561 1744 (1531)
583 1695 626 1729 et
649 1689 974 1741 Hervagianam
995 1687 1143 1743 (1534)
1166 1685 1493 1740 propagantur.1
1556 1687 1608 1728 In

293 1760 443 1799 ceteris
471 1772 581 1810 quae
614 1759 656 1797 in
685 1758 767 1798 hoc
792 1757 1013 1797 volumine
1045 1757 1316 1797 continentur
1346 1756 1612 1798 orationibus

294 1828 518 1881 proximus
541 1835 602 1868 est
625 1827 763 1867 codici
787 1826 1024 1877 Parisiensi,
1039 1832 1081 1866 et
1103 1832 1214 1866 certe
1230 1826 1386 1880 dignus
1408 1833 1471 1867 est
1493 1827 1613 1866 cuius

337 1917 347 1936 1
374 1917 473 1948 Haud
491 1917 591 1947 suerit
608 1926 733 1956 operae
754 1916 899 1956 pretium
916 1925 1033 1946 omnes
1050 1924 1317 1945 commemorare
1334 1914 1427 1945 locos
1443 1913 1475 1944 in
1494 1914 1612 1953 quibus

294 1962 437 1999 quodam
455 1962 555 1991 modo
572 1965 745 1991 truncatus
763 1965 814 1990 est
839 1960 957 1989 harum
975 1959 1163 1989 orationum
1181 1963 1294 1988 textus
1313 1969 1320 1989 t
1351 1958 1432 1988 satis
1449 1958 1492 1987 sit
1510 1958 1612 1987 finem

294 2004 492 2034 Vatinianae
506 2005 559 2034 hic
573 2004 766 2034 exscribere
777 2003 885 2042 qualis
899 2004 931 2032 in
945 2003 1018 2033 cod.
1030 2002 1070 2031 H
1081 2002 1161 2032 etin
1175 2001 1329 2031 omnibus
1339 2001 1433 2031 libris
1445 2001 1499 2039 qui
1514 2011 1556 2031 ex
1572 2012 1612 2031 eo

295 2048 435 2078 derivati
447 2052 524 2077 sunt
538 2048 727 2078 exhibetur.
756 2047 878 2077 Verum
892 2050 1004 2076 tamen
1017 2056 1229 2085 quaer07cum
1243 2046 1277 2074 in
1290 2044 1458 2085 republica
1471 2044 1614 2074 admitu-

293 2090 433 2121 slranda
451 2090 485 2122 T.
498 2091 616 2121 Annio
631 2102 704 2121 cum
722 2090 762 2120 P.
778 2090 882 2120 Sestio
896 2090 1105 2120 consiliormn
1121 2090 1276 2119 omnium
1287 2089 1416 2120 societas
1419 2088 1537 2126 suerit,
1557 2088 1617 2127 qui

291 2135 397 2175 possis
415 2144 466 2164 eos
490 2145 568 2174 quos
594 2134 726 2164 crimine
752 2134 921 2174 coniungis
948 2134 1131 2164 testimonio
1156 2132 1330 2172 diiungere.
1374 2132 1451 2162 Non
1473 2142 1615 2171 comguo

295 2178 549 2208 inconstantiam
571 2178 729 2207 oratiom's
751 2188 790 2208 ac
810 2178 989 2207 testimonii
1005 2177 1066 2215 tm',
1083 2187 1122 2206 ne
1136 2176 1219 2216 quid
1231 2176 1289 2207 tibi
1306 2175 1509 2206 auctoritatis
1528 2186 1547 2205 a
1565 2185 1618 2205 me

296 2221 455 2251 tributum
471 2232 537 2251 esse
551 2221 708 2252 videatur.
754 2220 858 2251 Porro
876 2222 909 2251 in
922 2221 1032 2260 priore
1050 2221 1229 2251 Sestianae
1246 2224 1340 2259 parte
1354 2219 1501 2249 minores
1517 2229 1615 2258 quas-

297 2265 373 2294 dam
400 2265 625 2294 mutilationes
651 2264 787 2304 pertulit
809 2265 882 2296 cod.
909 2265 951 2294 H
970 2275 1052 2303 quas
1077 2269 1196 2302 postea
1222 2263 1357 2302 excepit
1380 2263 1453 2294 cod.
1476 2262 1498 2292 le
1523 2262 1613 2302 (Par.

297 2308 395 2347 7779)
413 2308 533 2346 aliique
550 2308 700 2338 eiusdem
725 2309 862 2347 generis
878 2308 951 2338 libri
969 2320 976 2338 :
1004 2308 1105 2338 immo
1123 2308 1154 2337 in
1179 2306 1327 2337 editione
1343 2306 1474 2336 Veneta
1499 2306 1614 2346 (1471)

297 2357 452 2382 accurate
470 2351 671 2382 redduntur:
691 2362 719 2381 e.
731 2362 762 2390 g.
783 2355 798 2389 ᾗ
817 2362 837 2390 9
849 2352 978 2391 gratias
993 2351 1069 2392 egit,
1085 2354 1115 2382 et
1127 2351 1184 2380 lzoc
1199 2353 1335 2389 tempore
1347 2349 1452 2389 fidem
1470 2349 1616 2379 laomim&

298 2394 547 2434 bettefia'umqne
563 2396 747 2425 testimonio
764 2395 939 2434 declarant,
959 2395 998 2425 H
1009 2396 1029 2425 k
1046 2396 1098 2425 ed.
1121 2393 1158 2426 V.

943 2464 966 2487 X
