1774 2782
291 133 314 167 3
337 137 352 168 7
698 123 752 158 M.
786 122 953 158 TVLLI
987 120 1294 160 CICERONIS

292 1495 311 1525 9

331 232 417 268 dine
435 233 572 268 studiis
587 238 623 269 et
635 231 772 269 officiis
794 239 831 269 et
853 231 955 269 illius
975 245 1216 278 aerumnam,
1236 232 1369 281 quoad
1385 231 1488 275 vixit,
1505 239 1543 268 et
1561 230 1661 268 filiae

332 295 583 333 solitudinem
601 295 840 334 sustentavit.
888 298 1054 334 Possum
1072 298 1193 334 multa
1207 296 1337 334 dicere
1353 297 1403 334 de
1420 295 1658 341 liberalitate,

332 361 381 398 de
402 360 627 398 domesticis
650 360 796 406 officiis,
821 361 871 398 de
892 360 1092 398 tribunatu
1114 361 1279 407 militari,
1303 362 1353 399 de
1374 358 1600 409 provinciali
1622 360 1661 397 in

332 438 379 462 eo
402 424 625 474 magistratu
652 425 912 473 abstinentia3
943 427 1012 464 sed
1041 425 1135 463 mihi
1163 434 1254 464 ante
1274 427 1411 463 oculos
1436 424 1662 462 obversatur

332 490 384 527 rei
416 490 597 539 publicae
626 490 806 539 dignitas,
831 504 931 540 quae
961 504 1024 528 me
1053 491 1103 528 ad
1133 504 1219 528 sese
1248 490 1357 539 rapit,
1385 490 1482 527 haec
1512 487 1662 526 minora

332 555 549 604 relinquere
571 556 755 593 bortatur.
817 557 1012 604 Quaestor
1033 555 1096 593 hic
1114 555 1158 594 C.
1180 554 1341 602 Antoni,
1363 555 1550 603 conlegae
1573 553 1659 600 mei,

331 620 492 666 iudices,
512 620 581 657 fuit
600 628 712 666 sorte,
732 621 800 658 sed
818 620 1004 658 societate
1021 619 1275 658 consiliorum
1295 632 1414 657 meus.
1462 619 1663 668 Impedior

333 699 411 723 non
443 685 584 722 nullius
614 685 728 731 offici,
760 693 801 722 ut
831 698 904 734 ego
935 684 1177 734 interpretor,
1208 683 1395 734 religione
1424 697 1504 733 quo
1534 682 1662 721 minus

332 764 525 799 exponam
556 764 674 800 quam
707 752 827 788 multa
859 752 898 788 P.
932 750 1091 797 Sestius,
1123 763 1214 788 cum
1247 757 1349 788 esset
1379 763 1470 787 cum
1500 750 1663 798 conlega

333 829 434 862 meo,
449 816 621 862 senserit,
638 817 687 854 ad
706 829 767 853 me
781 816 973 863 detulerit,
990 823 1139 865 quanto
1152 822 1243 853 ante
1259 814 1481 865 providerit.
1532 816 1663 863 Atque

332 893 404 929 ego
432 881 481 918 de
502 881 678 919 Antonio
705 880 801 918 nibil
831 881 922 919 dico
950 890 1101 931 praeter
1128 895 1276 918 unum:
1307 893 1525 929 numquam
1553 878 1661 916 illum

332 945 398 982 illo
426 959 581 983 summo
609 945 747 984 timore
777 959 821 983 ac
851 947 1026 995 periculo
1055 945 1220 984 civitatis
1251 958 1380 995 neque
1409 956 1662 982 communem

334 1018 480 1047 metum
509 1010 686 1047 omnium
714 1023 787 1048 nec
812 1010 1008 1060 propriam
1033 1024 1114 1048 non
1143 1011 1339 1048 nullorum
1361 1011 1412 1048 de
1432 1009 1517 1058 ipso
1538 1007 1662 1057 suspi-

332 1075 485 1112 cionem
501 1083 567 1112 aut
581 1074 788 1113 infitiando
802 1077 936 1114 tollere
950 1083 1015 1113 aut
1030 1075 1317 1113 dissimulando
1331 1075 1466 1113 sedare
1481 1074 1658 1111 voluisse.

334 1141 379 1177 In
411 1154 491 1189 quo
521 1142 684 1189 conlega
714 1140 946 1178 sustinendo
974 1148 1092 1190 atque
1121 1141 1368 1178 moderando
1397 1138 1427 1177 si
1463 1152 1591 1176 meam
1621 1140 1660 1176 in

332 1206 440 1242 illum
474 1205 759 1255 indulgentiam
794 1206 1047 1243 coniunctam
1083 1218 1173 1242 cum
1208 1218 1364 1243 summa
1394 1204 1574 1241 custodia
1607 1203 1660 1241 rei

332 1269 512 1319 publicae
541 1271 699 1307 laudare
719 1284 808 1308 vere
835 1269 1032 1316 solebatis,
1056 1283 1123 1320 par
1143 1282 1265 1319 prope
1286 1270 1369 1306 laus
1392 1270 1432 1306 P.
1457 1267 1555 1306 Sesti
1577 1281 1660 1306 esse

332 1334 461 1381 debet,
485 1334 551 1384 qui
579 1334 631 1372 ita
659 1348 772 1372 suum
804 1336 1007 1373 consulem
1035 1334 1255 1372 observavit
1276 1341 1318 1371 ut
1339 1341 1377 1372 et
1404 1332 1458 1370 illi
1479 1340 1661 1383 quaestor

332 1400 459 1437 bonus
482 1408 518 1438 et
540 1400 654 1438 nobis
676 1400 860 1438 omnibus
881 1401 1053 1450 optimus
1074 1399 1168 1437 civis
1188 1399 1393 1438 videretur.

388 1466 511 1511 Idem,
542 1478 632 1503 cum
663 1465 727 1502 illa
757 1465 974 1503 coniuratio
1004 1479 1050 1503 ex
1079 1464 1236 1502 latebris
1265 1472 1384 1513 atque
1414 1477 1459 1502 ex
1489 1464 1659 1502 tenebris

331 1529 520 1579 erupisset
559 1531 768 1579 palamque
806 1538 954 1567 armata
989 1529 1177 1576 volitaret,
1214 1528 1321 1567 venit
1360 1542 1449 1566 cum
1489 1529 1659 1567 exercitu

332 1596 521 1644 Capuam,
545 1608 663 1643 quam
690 1595 827 1633 urbem
850 1603 1007 1644 propter
1026 1594 1213 1644 plurimas
1235 1594 1326 1632 belli
1348 1594 1659 1642 opportunitates

330 1660 380 1698 ab
416 1660 478 1697 illa
513 1661 632 1709 impia
664 1669 700 1698 et
734 1662 921 1698 scelerata
960 1674 1079 1698 manu
1119 1659 1300 1709 temptari
1339 1658 1660 1708 suspicabamur3

330 1726 374 1763 C.
412 1727 680 1772 Mevulanum,
715 1725 915 1763 tribunum
951 1727 1118 1764 militum
1153 1724 1314 1771 Antoni,
1348 1724 1487 1773 Capua
1517 1723 1660 1774 praeci-

330 1789 448 1839 pitem
478 1790 602 1836 eiecit,
630 1791 833 1828 hominem
860 1790 1056 1840 perditum
1081 1798 1121 1829 et
1149 1804 1230 1827 non
1257 1790 1424 1828 obscure
1446 1788 1594 1826 Pisauri
1621 1797 1659 1828 et

330 1854 369 1892 in
398 1856 482 1892 aliis
511 1855 590 1904 agri
611 1855 752 1893 Gallici
780 1855 954 1905 partibus
984 1855 1024 1893 in
1054 1857 1118 1893 illa
1146 1854 1418 1893 coniuratione
1439 1861 1659 1903 versatum3

330 1920 515 1969 idemque
533 1922 576 1960 C.
598 1922 842 1968 Marcellum,
862 1934 953 1959 cum
974 1920 1005 1958 is
1027 1935 1108 1959 non
1125 1921 1305 1970 Capuam
1326 1921 1453 1958 solum
1474 1918 1654 1966 venisset,

330 1998 463 2023 verum
485 1985 601 2023 etiam
624 1999 665 2023 se
682 1985 793 2035 quasi
813 1999 1009 2024 armorum
1031 1987 1163 2025 studio
1184 1985 1223 2024 in
1245 1986 1455 2023 maximam
1472 1983 1658 2022 familiam

373 2100 393 2127 9
419 2089 454 2119 P.
470 2089 600 2120 Sestius
614 2114 620 2120 .
636 2115 642 2120 .
660 2115 667 2121 .
680 2092 827 2122 senserit
841 2091 874 2120 A
891 2103 897 2122 ε
922 2103 986 2122 om.
1005 2092 1069 2122 rell.
1166 2101 1204 2130 19
1222 2096 1255 2121 et
1269 2090 1363 2121 nobis
1376 2090 1532 2121 omnibus
1545 2090 1662 2130 scrtpst’

329 2144 404 2162 cum
416 2132 547 2163 Klotzio
564 2134 625 2171 rCl.
643 2134 706 2172 Qu.
719 2136 848 2174 iii.267]
865 2147 871 2164 :
886 2141 918 2165 et
931 2136 1024 2165 vobis
1035 2135 1191 2166 omnibus
1205 2146 1231 2165 s.
1244 2135 1262 2165 l.
1279 2133 1385 2174 suppl.
1396 2133 1530 2170 P²(non
1547 2134 1653 2166 ‘mam

330 2177 399 2207 νεα]
414 2187 420 2205 2
439 2187 520 2205 nam
538 2178 583 2206 ila
595 2177 686 2207 BHk
704 2179 805 2208 rellm:
824 2189 890 2209 om.
903 2178 998 2208 P1G:
1019 2184 1053 2208 et
1071 2179 1168 2208 bonis
1186 2178 1340 2208 omnibus
1353 2176 1519 2215 Hirsclzfi:
1537 2181 1569 2207 et
1586 2187 1655 2207 om-

330 2220 427 2249 nibus
445 2219 540 2250 bonis
557 2232 582 2250 s.
599 2226 632 2251 et
651 2222 748 2252 bonis
761 2222 912 2252 Richter:
937 2227 971 2252 et
988 2223 1142 2252 omnibus
1155 2222 1302 2260 Koechly.
1348 2220 1395 2258 Cf
1409 2230 1468 2250 vos
1487 2224 1520 2250 et
1537 2231 1655 2251 omnes

330 2263 409 2292 boni
427 2266 512 2302 §grz
532 2264 618 2295 Har.
634 2264 729 2304 Resp.
743 2267 758 2301 ξ
770 2276 787 2303 4
879 2276 919 2304 23
944 2276 1044 2295 manu
1062 2270 1096 2295 ut
1116 2267 1163 2304 (z
1183 2265 1214 2294 vi
1226 2267 1250 2303 3)
1269 2263 1327 2294 H:
1345 2274 1444 2293 manu
1459 2264 1619 2293 attentari
1636 2264 1656 2293 k

330 2316 370 2343 24
404 2307 618 2338 mevulanum
651 2307 713 2338 PG
745 2309 880 2349 (mevol.
916 2308 971 2348 G2)
991 2321 997 2339 :
1032 2319 1084 2338 me
1116 2308 1293 2338 vulcanum
1325 2307 1382 2339 ΒΣ
1398 2318 1404 2337 :
1447 2306 1653 2336 Mefulanum

330 2349 496 2422 ffzqssner,
521 2350 733 2382 Menolavum
755 2351 870 2391 Hertz,
895 2356 1073 2392 utrumqne
1090 2362 1129 2382 ex
1149 2352 1311 2391 z'nscrz'ppt.
1443 2360 1482 2389 27
1509 2350 1654 2389 itemque

378 2404 403 2423 ez
429 2404 487 2423 ner

1682 499 1698 531 5

1685 825 1722 846 10

1685 1149 1719 1179 15

1681 1478 1721 1498 20

1680 1800 1716 1832 25
