1774 2782
206 144 233 180 6
261 158 294 189 ¹4
619 141 674 176 M.
707 139 874 176 TVLLI
907 137 1214 176 CICERONIS

253 253 407 299 debere,
444 252 483 289 in
520 252 627 289 omni
668 257 774 300 parte
807 247 980 297 corporis
1016 260 1170 296 semper
1202 253 1383 296 oportere
1415 245 1576 294 aliquod

196 330 229 360 15
251 317 438 366 gaudium
468 315 851 362 delectationemque
872 313 1023 350 versari.
1085 311 1163 349 His
1190 310 1310 348 utitur
1335 309 1446 359 quasi
1473 323 1578 359 prae-

206 843 227 880 7

192 1162 228 1192 16

252 381 360 418 fectis
382 380 589 418 libidinum
611 392 778 422 suarum,
799 377 838 414 111
855 379 1076 425 voluptates
1097 374 1227 413 omnis
1249 376 1439 423 vestigant
1459 382 1577 423 atque

251 446 474 491 odorantur,
498 443 537 481 111
559 451 648 481 sunt
670 442 894 481 conditores
919 441 1255 490 instructoresque
1283 439 1447 486 convivi,
1471 439 1575 477 idem

251 511 477 560 expendunt
497 518 615 558 atque
635 508 842 546 aestimant
863 508 1083 556 voluptates
1104 505 1420 554 sententiamque
1441 504 1576 542 dicunt
1598 517 1614 548 5

250 584 288 614 et
312 575 487 613 iudicant
515 581 705 624 quantum
727 572 870 622 cuique
891 571 1045 609 libidini
1066 570 1323 608 tribuendum
1345 583 1429 607 esse
1451 569 1577 607 videa-

251 648 322 678 tur.
384 642 539 677 Horum
570 640 633 676 ille
662 638 809 676 artibus
835 636 1010 675 eruditus
1032 635 1085 673 ita
1105 634 1343 685 contempsit
1365 636 1465 672 banc
1493 648 1578 683 pru-

252 706 520 744 dentissimam
538 703 734 741 civitatem
757 710 798 740 ut
816 701 944 740 omnis
961 714 1051 738 suas
1067 700 1264 747 libidines,
1282 699 1415 738 onmia
1432 699 1574 748 flagitia

251 772 368 808 latere
398 783 512 819 posse
541 769 798 814 arbitraretur,
832 767 862 804 si
899 767 1020 804 modo
1050 767 1202 803 vultum
1238 765 1507 815 importunum
1538 764 1576 801 in

251 837 377 872 forum
409 834 622 872 detulisset.
683 835 721 870 Is
754 845 1005 882 nequaquam
1047 845 1110 869 me
1146 831 1575 880 quidem—cognoram
1600 846 1637 866 10

251 899 355 937 enim
377 907 535 948 propter
556 898 744 936 Pisonum
765 897 1011 935 adfinitatem
1029 910 1147 946 quam
1170 897 1285 945 longe
1306 897 1411 933 hunc
1431 896 1480 933 ab
1502 896 1577 932 hoc

249 977 390 1013 genere
412 963 594 1013 cognatio
615 971 789 1000 materna
809 961 1059 1011 Transalpini
1082 960 1280 1011 sanguinis
1301 960 1578 998 abstulisset——

250 1030 320 1067 Sed
336 1042 404 1066 vos
422 1030 694 1078 populumque
716 1029 942 1065 Romanum
965 1040 1045 1064 non
1067 1025 1232 1064 consilio
1251 1039 1378 1075 neque
1395 1027 1578 1075 eloquen-

250 1093 312 1140 tia,
347 1094 455 1143 quod
485 1093 524 1130 in
554 1093 686 1130 multis
716 1107 832 1142 saepe
862 1092 1016 1138 accidit,
1050 1093 1119 1130 sed
1156 1091 1257 1140 rugis
1290 1090 1576 1140 supercilioque

250 1158 415 1207 decepit.
477 1159 575 1194 Luci
606 1158 707 1204 Piso,
738 1165 831 1195 tune
859 1171 974 1195 ausus
1006 1170 1046 1195 es
1077 1156 1150 1194 isto
1181 1158 1306 1202 oculo,
1339 1169 1419 1193 non
1447 1155 1575 1193 dicam
1599 1171 1635 1201 ¹5

250 1223 324 1261 isto
344 1224 488 1269 animo,
513 1224 584 1260 ista
609 1224 747 1269 fronte,
771 1237 851 1260 non
874 1223 960 1270 vita,
985 1230 1094 1260 tanto
1120 1221 1339 1271 supercilio,
1364 1234 1443 1258 non
1472 1221 1575 1258 enim

249 1302 409 1338 possum
427 1290 557 1326 dicere
573 1288 688 1326 tantis
705 1289 821 1326 rebus
837 1289 965 1338 gestis,
985 1302 1074 1326 cum
1092 1290 1138 1325 A.
1159 1287 1330 1326 Gabinio
1352 1285 1577 1324 consociare

250 1353 412 1391 consilia
432 1353 552 1403 pestis
575 1356 713 1391 meae?
772 1355 864 1391 Non
883 1362 920 1390 te
942 1353 1042 1390 illius
1058 1360 1346 1401 unguentorum
1369 1352 1477 1398 odor,
1497 1364 1577 1388 non

249 1417 328 1456 vini
355 1418 562 1465 anhelitus,
585 1432 665 1455 non
695 1420 800 1455 frons
829 1417 1038 1455 calamistri
1067 1425 1201 1455 notata
1222 1416 1390 1466 vestigiis
1419 1416 1458 1453 in
1489 1430 1574 1454 eam

250 1483 528 1532 cogitationem
563 1484 798 1530 adducebat,
836 1491 878 1521 ut
917 1497 1006 1520 611111
1039 1482 1140 1520 illius
1180 1495 1218 1520 re
1253 1481 1388 1519 similis
1424 1481 1572 1527 fuisses,
1597 1496 1636 1517 20

251 1548 388 1586 frontis
410 1548 480 1586 tibi
502 1548 759 1598 integimento
787 1550 836 1586 ad
865 1549 1102 1586 occultanda
1129 1555 1236 1585 tanta
1264 1546 1406 1596 flagitia
1427 1546 1573 1584 diutius

248 1614 305 1651 uti
335 1628 416 1652 non
446 1614 607 1653 liceret?
665 1616 767 1654 Cum
799 1616 874 1652 hoc
905 1616 1009 1652 coire
1039 1627 1156 1651 ausus
1187 1627 1227 1651 es
1258 1620 1300 1650 ut
1329 1613 1574 1650 consularem

249 1679 491 1729 dignitatem,
516 1688 557 1717 ut
579 1680 631 1718 rei
654 1680 835 1729 publicae
863 1687 1017 1725 statum,
1042 1687 1083 1716 ut
1105 1686 1262 1716 senatus
1291 1676 1574 1722 auctoritatem,

249 1751 292 1782 ut
327 1744 421 1782 civis
456 1745 605 1794 optime
638 1744 764 1783 meriti
795 1746 969 1782 fortunas
1005 1744 1294 1793 provinciarum
1324 1743 1482 1779 foedere
1512 1742 1576 1778 ad-

250 1810 429 1848 diceres?
485 1811 545 1847 Te
565 1811 737 1857 consule,
760 1809 836 1847 tuis
857 1809 996 1847 edictis
1017 1817 1055 1846 et
1076 1807 1247 1858 imperiis
1268 1806 1419 1845 senatui
1441 1805 1574 1856 populi
1598 1822 1636 1854 25

251 1874 423 1912 Romani
444 1888 525 1914 non
545 1883 602 1913 est
624 1875 775 1913 licitum
795 1888 877 1913 non
898 1875 1020 1912 modo
1047 1872 1251 1911 sententiis
1274 1880 1395 1922 atque
1413 1870 1577 1909 auctori-

249 1948 328 1978 tate
352 1954 433 1988 sua,
461 1941 533 1979 sed
562 1955 613 1979 ne
641 1941 749 1978 luctu
774 1940 936 1990 quidem
963 1953 1009 1977 ac
1029 1939 1173 1977 vestitu
1199 1936 1254 1977 rei
1280 1936 1463 1987 publicae
1489 1935 1577 1974 sub-

250 2005 411 2045 venire?
466 2006 681 2056 Capuaene
714 2013 753 2044 te
790 2005 968 2055 putabas,
1005 2003 1046 2042 in
1079 2018 1159 2054 qua
1195 2003 1294 2042 urbe
1331 1999 1577 2041 domicilium

249 2071 452 2120 quondam
482 2070 687 2119 superbiae
713 2070 796 2118 fuit,
824 2071 1028 2108 consulem
1056 2083 1152 2116 esse,
1174 2068 1275 2106 sicut
1302 2081 1385 2106 eras
1411 2080 1459 2105 eo
1483 2073 1576 2104 tem-

248 2149 355 2186 pore,
383 2150 432 2173 an
464 2138 628 2182 Romae,
657 2136 697 2173 111
725 2149 804 2185 qua
830 2136 985 2173 civitate
1012 2148 1149 2173 omnes
1179 2142 1271 2172 ante
1298 2146 1367 2171 vos
1394 2132 1575 2170 consules
1597 2145 1636 2176 30

294 2250 310 2279 7
338 2240 474 2279 pudent.
496 2239 630 2270 eHalm
738 2250 778 2269 10
804 2239 836 2270 Is
853 2250 1064 2278 nequaquam
1084 2249 1136 2268 me
1154 2238 1287 2276 quidem
1300 2235 1413 2268 Mucll.
1434 2247 1440 2266 :
1465 2235 1491 2265 is
1510 2245 1572 2273 me,

247 2294 448 2323 quamquam
468 2294 520 2314 me
537 2284 671 2322 quidem
691 2283 861 2322 (equidem
878 2283 1029 2319 P²BHb)
1049 2292 1114 2312 non
1132 2281 1234 2321 codd.,
1252 2280 1322 2311 edd.
1429 2289 1466 2318 15
1492 2277 1575 2308 Luci

248 2326 360 2357 PBG:
389 2328 423 2358 L.
444 2328 515 2357 Hes
617 2329 654 2357 16
679 2337 745 2357 non
763 2327 847 2368 vita]
867 2337 936 2356 non
952 2327 1016 2356 ista
1034 2331 1145 2355 mente
1163 2335 1178 2355 c
1269 2334 1306 2363 17
1332 2324 1431 2354 rebus
1455 2334 1479 2361 ε,
1507 2332 1572 2352 om.

249 2370 315 2401 rell.
338 2371 496 2409 (tantibus
506 2371 611 2409 gestis
627 2370 670 2400 Pl
686 2382 692 2400 :
718 2371 821 2401 tantis
838 2371 942 2409 gestis
958 2369 988 2399 P
1004 2380 1092 2404 corr„
1112 2367 1202 2397 BHk
1218 2368 1288 2405 all.)
1357 2377 1395 2397 21
1416 2367 1573 2404 integum.

250 2426 262 2443 ε
356 2425 397 2444 22
421 2415 484 2444 1106
502 2420 535 2444 tu
554 2427 567 2444 ε
672 2424 713 2452 29
737 2415 823 2444 sicut
841 2423 916 2444 eras
934 2424 974 2443 eo
991 2418 1144 2452 tempore
1161 2412 1230 2442 secl.
1254 2411 1380 2450 Garat„
1399 2409 1508 2440 Halm
