1774 2782
151 543 168 574 5

129 864 168 886 10

130 1190 166 1222 ¹5

130 1514 168 1536 20

364 160 473 199 PRO
506 162 547 199 L.
581 160 872 199 CORNELIO
905 161 1086 200 BALBO
1118 162 1334 200 ORATIO
1458 172 1510 198 20

190 269 310 306 homo
331 268 421 306 iuris
442 269 709 318 peritissimus,
731 271 973 308 consultores
1002 283 1093 308 suos
1119 283 1200 308 non
1226 284 1440 320 numquam
1462 273 1512 309 ad

189 331 349 370 Furium
367 341 403 371 et
425 333 659 372 Cascellium
687 335 950 384 praediatores
975 335 1173 380 reiciebat,
1196 336 1227 373 si
1250 349 1321 373 nos
1342 337 1391 374 de
1411 349 1512 384 aqua

189 405 319 436 nostra
343 400 567 437 Tusculana
596 401 651 437 M.
682 400 905 450 Tugionem
937 401 1066 450 potius
1097 414 1214 450 quam
1241 402 1284 440 C.
1309 400 1511 450 Aquilium

187 462 502 510 consulebamus,
526 465 633 513 quod
669 465 858 502 adsiduus
888 478 980 503 usus
1014 467 1080 502 uni
1117 465 1170 503 rei
1203 467 1359 503 deditus
1391 473 1427 503 et
1460 465 1512 502 in-

187 527 345 576 genium
367 534 404 565 et
424 535 546 565 artem
568 541 683 578 saepe
708 529 840 575 vincit,
862 529 948 578 quis
977 530 1131 568 dubitet
1156 531 1205 568 de
1231 530 1453 568 foederibus
1475 538 1512 568 et

187 592 237 630 de
257 598 341 629 toto
355 592 435 629 iure
456 593 562 641 pacis
583 601 619 631 et
640 593 731 631 belli
759 593 944 631 omnibus
970 592 1061 632 iuris
1083 593 1324 643 peritissimis
1353 595 1512 643 impera-

187 663 289 694 tores
324 664 476 695 nostros
510 659 732 696 anteferre?
804 661 1070 696 Possumusne
1101 658 1214 708 igitur
1244 659 1313 697 tibi
1348 660 1512 708 probare

185 729 386 760 auctorem
414 722 579 771 exempli
609 731 727 772 atque
752 725 840 761 facti
869 723 970 761 illius
1005 725 1113 773 quod
1139 737 1160 761 a
1190 731 1227 761 te
1257 725 1509 773 reprenditur,

186 786 231 826 C.
266 787 469 824 Marium?
526 787 691 834 Quaeris
727 788 898 837 aliquem
929 789 1156 838 graviorem,
1191 790 1510 835 constantiorem,

186 851 505 901 praestantiorem
527 850 678 899 virtute,
708 853 926 901 prudentia,
954 852 1169 902 religione?
1227 854 1266 890 Is
1293 852 1406 901 igitur
1428 855 1513 902 Igu-

187 917 359 954 vinatem
393 917 448 953 M.
482 917 657 953 Annium
691 916 878 966 Appium,
916 917 1168 954 fortissimum
1202 918 1325 954 virum
1363 930 1513 954 summa

186 982 328 1019 virtute
375 980 605 1030 praeditum,
647 982 804 1019 civitate
846 983 1032 1019 donavit:
1081 983 1177 1019 idem
1221 983 1380 1019 cohortis
1417 984 1513 1019 duas

187 1046 386 1083 universas
432 1047 666 1085 Camertium
710 1048 859 1085 civitate
900 1048 1066 1093 (sonavit,
1111 1059 1200 1084 cum
1241 1046 1512 1085 Camertinum

175 1110 314 1159 foedus
336 1111 504 1148 omnium
533 1111 735 1148 foederum
765 1110 1055 1149 sanctissimum
1086 1118 1204 1160 atque
1232 1110 1512 1160 aequissimum

188 1177 301 1214 sciret
322 1189 418 1213 esse.
479 1178 612 1214 Potest
634 1176 757 1225 igitur,
776 1176 937 1223 iudices,
959 1178 1001 1214 L.
1020 1175 1225 1215 Cornelius
1246 1175 1511 1219 condemnari,

187 1249 228 1279 ut
250 1254 330 1279 non
349 1242 392 1280 C.
419 1240 519 1279 Mari
537 1242 682 1279 factum
701 1242 1017 1280 condemnetur?
1075 1240 1244 1279 Exsistat
1261 1253 1352 1289 ergo
1374 1241 1437 1278 ille
1457 1239 1513 1277 vir

187 1318 394 1355 parumper
414 1306 651 1355 cogitatione
667 1313 803 1353 vestra,
824 1307 1010 1355 quoniam
1033 1319 1071 1344 re
1094 1319 1173 1343 non
1195 1312 1334 1355 potest,
1358 1313 1398 1342 ut
1420 1318 1511 1342 con-

186 1371 356 1420 spiciatis
378 1383 468 1409 eum
491 1370 700 1417 mentibus,
725 1371 910 1419 quoniam
939 1371 1061 1408 oculis
1089 1382 1167 1407 non
1190 1369 1350 1418 potestis
1369 1384 1378 1416 3
1408 1369 1511 1407 dicat

187 1448 229 1473 se
258 1448 338 1473 non
371 1434 593 1484 imperitum
627 1435 805 1482 foederis,
829 1448 909 1472 non
944 1436 1082 1473 rudem
1118 1435 1395 1483 exemplorum,
1431 1447 1510 1471 non

188 1502 364 1551 ignarum
385 1500 476 1538 belli
498 1501 643 1547 fuisse,
674 1513 714 1538 se
737 1502 777 1537 P.
802 1499 974 1537 Africani
1002 1500 1237 1548 discipulum
1263 1511 1307 1536 ac
1335 1498 1511 1545 militem,

188 1580 228 1604 se
255 1565 471 1615 stipendiis,
501 1578 542 1603 se
568 1565 828 1614 legationibus
858 1564 1007 1602 bellicis
1038 1564 1245 1610 eruditum,
1269 1576 1320 1609 se,
1346 1563 1376 1600 si
1404 1571 1510 1601 tanta

188 1633 290 1670 bella
323 1631 512 1681 attigisset
542 1637 688 1679 quanta
718 1631 836 1679 gessit
865 1635 901 1667 et
932 1629 1112 1676 confecit,
1136 1628 1167 1666 si
1197 1636 1253 1666 tot
1282 1629 1509 1666 consulibus

189 1696 391 1735 meruisset
417 1697 599 1745 quotiens
625 1695 708 1744 ipse
733 1696 871 1732 consul
899 1694 980 1741 fuit,
1004 1695 1136 1732 onmia
1163 1695 1244 1731 iura
1269 1694 1358 1731 belli
1387 1693 1510 1742 perdi-

188 1774 295 1800 scere
315 1775 360 1799 ac
382 1774 496 1799 nosse
518 1761 716 1810 potuisse3
746 1759 818 1797 sibi
847 1773 926 1797 non
958 1760 1075 1797 fuisse
1099 1758 1264 1796 dubium
1286 1759 1379 1807 quin
1402 1759 1508 1796 nullo

231 1867 252 1896 6
274 1865 350 1896 belli
363 1865 401 1895 bk
412 1864 490 1895 Par.
506 1874 587 1903 7774
604 1876 610 1894 ε
629 1864 698 1893 iure
712 1863 819 1893 Prell.
914 1862 1107 1892 hominibus
1123 1862 1233 1891 ‘vetus
1246 1861 1369 1891 liber—F.
1382 1860 1392 1888 l
1403 1860 1508 1891 'rsini'

188 1911 208 1940 8
233 1909 388 1948 reprend.
406 1908 521 1938 PBw:
546 1907 750 1947 reprehend.
770 1906 839 1937 Hs*
855 1905 903 1936 ed.
920 1905 963 1936 R.
1185 1914 1223 1933 10
1247 1904 1430 1942 religione?
1477 1904 1508 1933 Is

187 1953 291 1992 igitur
308 1952 513 1991 Iguvinatem
533 1951 574 1982 M.
594 1951 682 1982 Ann.
703 1949 812 1980 Halm
828 1961 834 1980 ε
860 1948 1036 1988 religionis
1054 1948 1154 1986 igitur
1168 1947 1337 1986 aequitate
1357 1947 1400 1977 M.
1417 1947 1507 1978 Ann.

189 1996 276 2026 codd.
293 2006 299 2025 :
318 1996 492 2034 religione,
509 1995 687 2033 aequitate.
728 1993 759 2023 Is
779 1993 879 2031 igitur
895 1992 936 2022 M.
951 1992 1042 2022 Ann.
1061 1990 1224 2030 Angelius
1326 2000 1358 2019 11
1379 1999 1509 2021 summa

188 2039 294 2080 suppl.
312 2038 358 2069 ed.
379 2037 495 2079 Gryph.
547 2038 633 2068 idem
653 2062 659 2068 .
680 2061 709 2068 ..
729 2037 866 2066 donavit
882 2035 958 2066 add.
974 2034 1104 2065 Mada:
1123 2034 1209 2063 idem
1229 2059 1234 2064 .
1255 2057 1260 2063 .
1279 2057 1284 2062 .
1304 2033 1508 2064 Camertium

189 2082 274 2112 Reid
381 2092 419 2120 14
445 2082 562 2112 foedus
581 2081 728 2111 omnium
746 2079 820 2110 add.
840 2079 974 2109 Mueller
1076 2079 1113 2107 18
1137 2075 1310 2116 quoniam]
1328 2086 1425 2114 quem
1444 2077 1508 2108 iam

190 2126 298 2157 Halm
309 2129 392 2156 auct.
405 2124 490 2154 Reid
579 2134 617 2162 19
642 2124 813 2154 foederum
832 2122 922 2152 Paul
1009 2132 1050 2152 20
1076 2120 1150 2151 belli
1165 2120 1196 2149 B
1209 2120 1271 2150 rell.
1290 2118 1425 2159 (bellim
1440 2119 1508 2160 P):

189 2169 299 2199 bellici
318 2168 399 2198 iuris
417 2167 555 2198 Halmio
572 2171 656 2197 auct.
671 2165 784 2196 Baiter
800 2167 831 2204 (ξ
846 2175 885 2204 45
904 2165 1034 2204 adfin.)
1158 2174 1193 2193 21
1217 2173 1252 2193 se
1273 2165 1362 2201 <ante
1377 2163 1420 2199 si)
1438 2162 1506 2195 secl.

191 2212 328 2242 lllucller
490 2222 530 2241 22
548 2211 714 2248 attigisset
733 2208 863 2239 Mada:
889 2209 1013 2247 egisset
1031 2207 1118 2237 codd.
1140 2207 1282 2239 (adisset
1295 2205 1339 2242 eff:
1370 2206 1508 2244 legisset

192 2255 292 2286 Ald.:
321 2255 451 2294 legatus
469 2254 595 2284 obisset
612 2253 713 2292 Kays.
734 2253 887 2291 (obisset,
908 2255 967 2281 aut
986 2252 1080 2281 miles
1103 2250 1228 2280 obisset
1251 2249 1330 2279 coni.
1354 2248 1510 2289 Mucll.)=

192 2299 383 2337 collegisset
399 2297 491 2327 Paul
617 2302 648 2326 et
665 2306 730 2326 om.
750 2295 838 2325 codd.
851 2298 979 2335 praeter
997 2295 1046 2324 [ιθ-
1059 2293 1137 2323 Par.
1158 2303 1240 2331 7774
1257 2304 1262 2322 z
1292 2297 1325 2322 et
1347 2293 1453 2331 gessit
1475 2297 1508 2323 et

192 2341 338 2372 confecit
358 2341 404 2371 ed.
422 2340 464 2371 R.
482 2352 488 2370 :
520 2340 638 2370 melius
652 2340 731 2378 sort.
753 2338 813 2369 del.
833 2338 977 2368 confecit
995 2336 1105 2367 Mucll.
1231 2336 1290 2365 sub
1309 2341 1353 2365 tot
1371 2335 1410 2365 bk
1425 2334 1503 2365 Par.

193 2396 276 2424 7774
364 2395 406 2423 23
430 2384 491 2414 suit
509 2383 650 2413 Abram.
670 2394 677 2413 ε
695 2382 809 2412 suisset
826 2381 913 2412 codd.
1014 2391 1052 2418 :24
1081 2379 1170 2410 nullo
1186 2380 1214 2411 (ἶ
1230 2380 1418 2419 Naugcrt'us
1435 2378 1506 2419 (1):

193 2439 259 2458 non
279 2428 368 2458 nullo
386 2427 449 2458 rell.

1532 173 1572 204 45

1533 1250 1573 1285 47
