1774 2782
247 130 289 156 12
314 132 350 165 27
675 117 731 153 M.
763 116 931 153 TVLLI
965 113 1272 153 CICERONIS

249 234 288 264 28
310 225 457 264 debuit.
511 224 766 261 Exanimatus
784 223 912 260 evolat
933 234 979 260 ex
997 228 1146 268 senatu,
1165 234 1246 259 non
1263 222 1393 259 minus
1414 221 1639 271 perturbato

309 292 444 328 animo
463 297 582 338 atque
603 289 711 325 vultu
733 300 852 337 quam
875 288 905 324 si
926 287 1040 324 annis
1065 294 1155 324 ante
1183 287 1318 336 paucis
1339 287 1379 324 in
1399 288 1639 326 creditorum

309 363 549 395 conventum
572 353 799 399 incidisset;
828 353 996 390 advocat
1017 351 1257 398 contionem,
1280 352 1400 390 habet
1421 351 1639 391 orationem

309 422 426 459 talem
457 420 595 457 consul
624 419 780 467 qualem
812 430 1030 466 numquam
1062 416 1233 455 Catilina
1262 418 1386 455 victor
1415 417 1638 455 habuisset:

308 499 432 525 errare
462 485 640 522 homines
670 484 700 520 si
728 484 844 521 etiam
868 490 951 520 tum
980 489 1159 519 senatum
1187 481 1336 531 aliquid
1361 483 1399 519 in
1422 495 1461 520 re
1483 482 1640 532 publica

309 565 424 601 posse
457 549 760 595 arbitrarentur,
801 547 952 596 equites
984 559 1077 584 vero
1109 548 1313 584 Romanos
1348 547 1507 585 daturos
1538 547 1640 586 illius

309 616 387 654 diei
410 628 557 665 poenas
579 626 658 662 quo
681 626 744 650 me
765 613 929 650 consule
957 625 1047 649 cum
1069 611 1208 661 gladiis
1230 611 1269 648 in
1290 611 1392 649 clivo
1413 611 1640 662 Capitolino

310 681 498 727 fuissent3
539 678 692 716 venisse
725 685 882 726 tempus
912 676 957 714 iis
990 678 1057 726 qui
1090 678 1129 714 in
1162 676 1301 715 timore
1331 676 1641 716 fuissent—con-

310 748 455 784 iuratos
486 743 669 782 videlicet
705 741 1137 780 dicebat—ulciscendi
1172 755 1224 780 se.
1284 741 1323 780 Si
1353 741 1513 781 dixisset
1543 744 1641 782 haec

310 812 448 856 solum,
465 808 575 847 omni
592 807 787 857 supplicio
804 815 905 845 esset
923 808 1065 857 dignus
1080 822 1091 854 3
1119 820 1210 844 nam
1228 806 1353 845 oratio
1369 806 1453 857 ipsa
1468 808 1640 846 consulis

310 875 529 926 perniciosa
563 881 693 924 potest
725 886 806 910 rem
840 872 1039 922 publicam
1075 872 1335 919 labefactare3
1377 872 1474 922 quid
1508 873 1641 912 fecerit

250 951 290 985 29
311 940 451 978 videte.
504 941 546 976 L.
567 939 756 984 Lamiam,
776 937 843 986 qui
861 950 951 974 cum
970 950 1032 974 me
1049 936 1174 986 ipsum
1194 949 1263 986 pro
1279 949 1434 974 summa
1450 937 1641 976 familiari-

311 1013 389 1043 tate
409 1018 511 1055 quae
531 1002 625 1041 mihi
649 1015 739 1039 cum
762 1010 871 1051 patre
896 1001 978 1039 eius
1001 1008 1080 1039 erat
1108 1000 1223 1039 unice
1243 1001 1442 1052 diligebat,
1465 1010 1549 1040 tum
1570 1016 1640 1053 pro

309 1084 349 1108 re
377 1069 535 1119 publica
555 1069 615 1106 vel
645 1075 811 1105 mortem
841 1074 1028 1116 oppetere
1056 1065 1251 1115 cupiebat,
1277 1067 1316 1103 in
1343 1066 1529 1105 contione
1549 1069 1640 1106 rele-

308 1135 423 1185 gavit,
445 1134 645 1183 edixitque
667 1140 708 1170 ut
728 1132 779 1170 ab
810 1132 906 1170 urbe
933 1132 1088 1169 abesset
1119 1131 1224 1169 milia
1250 1145 1433 1181 passuum
1456 1133 1638 1181 ducenta,

310 1201 419 1249 quod
446 1206 547 1238 esset
567 1211 686 1236 ausus
707 1211 777 1247 pro
797 1197 883 1244 civi,
908 1211 978 1246 pro
1002 1196 1105 1235 bene
1133 1196 1273 1235 merito
1299 1196 1384 1243 civi,
1408 1210 1478 1247 pro
1498 1197 1638 1246 amico,

311 1279 380 1314 pro
402 1278 441 1302 re
462 1262 620 1314 publica
641 1261 853 1312 deprecari.

367 1330 475 1380 Quid
497 1331 573 1367 hoc
600 1328 760 1367 homine
782 1329 910 1375 facias,
934 1335 1001 1366 aut
1029 1341 1109 1378 quo
1136 1327 1262 1366 civem
1285 1329 1552 1378 importunum
1575 1338 1641 1369 aut

311 1410 392 1446 quo
409 1395 539 1446 potius
556 1396 710 1432 hostem
729 1402 806 1431 tam
825 1395 1057 1431 sceleratum
1075 1395 1275 1431 reserves?
1305 1393 1383 1443 qui,
1403 1403 1444 1432 ut
1461 1397 1639 1434 omittam

311 1470 439 1499 cetera
467 1473 568 1510 quae
598 1466 687 1496 sunt
714 1458 748 1496 ei
780 1471 870 1495 cum
901 1460 1065 1508 conlega
1095 1458 1255 1496 immani
1287 1459 1521 1510 impuroque
1550 1475 1639 1499 con-

311 1526 444 1564 iuncta
470 1533 589 1575 atque
618 1524 856 1570 communia,
881 1524 956 1562 hoc
984 1537 1107 1560 unum
1138 1523 1257 1562 habet
1287 1525 1499 1575 proprium,
1523 1533 1564 1564 ut
1594 1540 1640 1565 ex

311 1592 406 1629 urbe
437 1590 636 1640 expulerit,
660 1588 836 1638 relegarit
865 1602 944 1627 non
972 1589 1063 1627 dico
1094 1590 1267 1639 equitem
1296 1592 1535 1638 Romanum,
1560 1605 1639 1630 non

310 1655 603 1695 ornatissimum
633 1663 752 1703 atque
782 1653 976 1703 optimum
1007 1654 1143 1701 virum,
1168 1668 1247 1693 non
1273 1655 1556 1694 amicissimum
1586 1657 1640 1694 rei

311 1721 493 1771 publicae
522 1721 660 1766 civem,
684 1733 765 1756 non
792 1719 859 1757 illo
889 1719 975 1769 ipso
1006 1727 1181 1770 tempore
1211 1734 1290 1758 una
1316 1734 1407 1758 cum
1434 1729 1572 1759 senatu
1602 1728 1640 1760 et

310 1801 401 1825 cum
422 1786 539 1825 bonis
560 1785 745 1824 omnibus
773 1798 908 1823 casum
929 1785 1046 1823 amici
1068 1785 1201 1835 reique
1226 1785 1406 1835 publicae
1427 1787 1637 1836 lugentem,

311 1854 380 1891 sed
408 1852 534 1891 civem
560 1853 788 1889 Romanum
818 1850 902 1888 sine
929 1852 1010 1888 ullo
1040 1850 1187 1889 iudicio
1211 1859 1252 1889 ut
1281 1852 1412 1889 edicto
1442 1864 1488 1890 ex
1517 1851 1640 1902 patria

253 1940 269 1970 3
311 1919 449 1956 consul
480 1916 648 1955 eiecerit.
709 1916 819 1954 Nihil
849 1915 1028 1954 acerbius
1059 1916 1154 1954 socii
1184 1923 1221 1954 et
1252 1917 1381 1954 Latini
1409 1918 1506 1955 serre
1535 1917 1639 1955 soliti

311 1991 400 2023 sunt
421 1996 540 2033 quam
562 1996 613 2028 se,
638 1983 677 2020 id
699 1982 807 2031 quod
834 1994 990 2031 perraro
1016 1981 1170 2028 accidit,
1195 1995 1240 2020 ex
1267 1982 1363 2020 urbe
1384 1981 1486 2020 exire
1506 1995 1529 2020 a
1549 1995 1640 2021 con-

353 2088 374 2117 6
399 2087 489 2117 illius
506 2087 578 2117 dies
592 2086 667 2117 Gall.
689 2087 730 2117 ix.
750 2097 796 2125 14.
817 2088 838 2116 6
856 2086 924 2125 (die
942 2086 1000 2126 ΡΞ)
1094 2097 1110 2125 7
1136 2097 1202 2125 quo
1220 2096 1271 2117 me
1288 2085 1334 2117 ed.
1354 2085 1431 2116 Asc.
1452 2095 1531 2125 1531
1551 2097 1558 2116 :
1583 2086 1638 2125 qui

312 2143 364 2162 me
381 2131 429 2162 G:
453 2131 555 2170 quine
570 2131 621 2160 P:
646 2130 793 2169 quisine
812 2129 856 2159 Ρ2
874 2130 936 2161 rell.
1029 2131 1049 2160 8
1074 2130 1112 2160 iis
1129 2131 1174 2161 G:
1200 2131 1253 2160 his
1268 2130 1332 2159 PB
1418 2140 1439 2168 9
1463 2130 1513 2160 sui
1531 2128 1638 2159 Halm

313 2175 542 2211 (ulciscendos
568 2173 612 2212 5²)
798 2175 881 2204 haec
907 2178 943 2204 ut
966 2174 999 2203 P
1020 2173 1082 2204 rell.
1109 2174 1153 2204 ila
1178 2172 1310 2204 schoa:
1343 2174 1406 2204 hoc
1435 2172 1633 2214 lVesenbetg.

314 2219 364 2257 Cf.
381 2219 415 2248 in
433 2218 511 2248 Sen.
535 2221 549 2256 ξ
572 2227 610 2247 12
718 2227 754 2255 13
780 2227 853 2247 cum
873 2223 968 2256 patre
981 2217 1013 2246 Β
1026 2221 1054 2247 et
1070 2217 1115 2247 cd.
1129 2217 1206 2248 Asc.
1228 2226 1304 2256 1531
1324 2228 1331 2247 ε
1355 2227 1428 2247 cum
1447 2217 1547 2247 fratre
1562 2227 1636 2247 curn

313 2267 409 2301 patre
422 2261 455 2291 P
546 2263 584 2291 16
608 2271 708 2291 ausus
726 2265 817 2291 esset
835 2260 943 2291 Sclzol.
1037 2271 1076 2290 22
1101 2260 1259 2299 relegarit
1275 2260 1342 2291 secl.
1361 2260 1407 2290 du
1423 2260 1506 2291 Rieu
1526 2259 1559 2299 (ξ
1578 2261 1634 2299 21)

314 2308 355 2335 26
388 2311 424 2335 ut
452 2306 522 2343 (aut
548 2304 593 2334 P²
618 2305 680 2336 rell.
707 2304 888 2344 praeiet-12²
914 2305 1030 2343 atque)
1064 2304 1173 2334 edicto
1201 2304 1260 2335 del.
1290 2302 1430 2334 Lamb.:
1465 2304 1496 2334 vi
1526 2303 1636 2333 edicto

314 2349 470 2388 Seyffert:
497 2353 532 2378 ut
551 2348 610 2379 dcl.
629 2348 807 2378 Manutius
985 2357 1024 2385 27
1050 2347 1133 2378 socii
1149 2353 1182 2377 et
1201 2347 1309 2377 Latini
1325 2347 1436 2378 Sclzol.
1455 2351 1483 2377 et
1497 2347 1609 2378 Madv.
1628 2359 1636 2378 ε

314 2392 501 2423 societatini
526 2391 578 2422 P:
615 2391 695 2422 socii
721 2392 802 2421 atini
826 2391 880 2421 B:
916 2401 992 2422 corr.
1019 2392 1051 2421 in
1077 2394 1210 2430 utroque
1233 2391 1314 2421 socii
1341 2390 1469 2421 reatini.
1495 2394 1522 2420 et
1545 2391 1588 2421 ita
1611 2393 1634 2421 Σ

315 2436 356 2466 28
382 2436 411 2465 id
431 2459 437 2465 .
458 2459 465 2466 .
487 2459 492 2465 .
511 2435 632 2465 accidit
650 2446 714 2466 om.
734 2435 840 2466 Sclzol.

1660 500 1677 533 5

1663 824 1701 846 10

1663 1149 1701 1180 15

1663 1477 1702 1499 20

1663 1801 1700 1832 25
