1774 2782
294 155 365 191 DE
399 154 767 192 HARVSPICVM
802 151 1086 190 RESPONSO
1119 151 1336 189 ORATIO
1434 151 1475 187 18
1496 166 1532 198 37

153 271 276 313 putaS,
306 264 414 312 quod
443 271 480 301 te
511 262 659 301 iudices
690 262 902 301 emiserunt
930 274 1136 300 excussum
1167 268 1204 298 et
1231 261 1474 307 exhaustum,

151 341 223 366 suo
258 327 403 366 iudicio
435 329 674 375 absolutum,
705 327 882 365 omnium
915 328 1236 372 condemnatum,
1268 333 1334 363 aut
1369 326 1476 374 quod

151 394 298 440 oculos,
322 401 363 430 ut
390 392 526 442 opinio
554 392 656 430 illius
684 393 880 442 religionis
908 400 975 438 est,
1000 406 1079 429 non
1102 390 1316 441 perdidisti.
1377 391 1475 438 Quis
1498 394 1536 430 38

150 457 256 495 enim
289 466 380 495 ante
420 466 457 496 te
497 471 606 495 sacra
641 457 705 495 illa
739 457 794 494 vir
828 457 954 495 sciens
989 457 1148 502 viderat,
1186 463 1227 493 ut
1267 455 1475 504 quisquam

112 537 129 568 5
150 535 320 571 poenam
351 535 452 571 quae
482 530 710 571 sequeretur
740 522 779 560 id
809 523 935 559 scelus
968 521 1064 558 scire
1095 521 1256 569 posset?
1314 522 1375 556 An
1406 519 1477 557 tibi

149 587 307 625 luminis
324 587 482 626 obesset
502 589 670 625 caecitas
693 589 778 636 plus
796 600 914 636 quam
931 585 1134 624 libidinis?
1174 587 1236 622 Ne
1259 584 1297 623 id
1315 584 1476 634 quidem

149 651 280 699 sentis,
314 652 534 691 coniventis
574 653 660 689 illos
699 653 836 689 oculos
875 651 988 689 abavi
1029 650 1081 688 tui
1124 649 1245 699 magis
1281 650 1477 698 optandos

149 716 266 754 fuisse
287 730 406 766 quam
433 718 505 755 hos
533 716 730 767 flagrantis
755 716 925 755 sororis?
982 715 1073 753 Tibi
1095 728 1197 761 vero,
1221 714 1251 752 si
1273 713 1478 763 diligenter

147 783 339 829 attendes,
375 784 577 833 intelleges
617 782 823 821 hominum
864 794 1011 831 poenas
1046 782 1183 818 deesse
1218 780 1360 825 adhuc,
1398 793 1477 816 non

93 863 130 886 ιο
149 848 324 886 deorum.
371 848 569 887 Homines
586 856 624 886 te
646 847 684 885 in
706 861 745 886 re
762 847 989 886 foedissima
1005 847 1277 891 defenderunt,
1296 846 1476 882 homines

149 912 416 962 turpissimum
449 914 857 962 nocentissimumque
892 912 1113 957 laudarunt,
1144 909 1324 948 homines
1355 923 1476 959 prope

149 978 404 1015 confitentem
426 977 573 1016 iudicio
590 977 862 1023 liberaverunt,
879 976 1106 1014 hominibus
1125 974 1263 1013 iniuria
1283 974 1338 1012 tui
1355 974 1477 1024 stupri

149 1042 268 1080 inlata
289 1042 328 1080 in
351 1042 454 1092 ipsos
476 1042 602 1081 dolori
624 1056 704 1081 non
726 1042 807 1089 fuit,
832 1041 1012 1080 homines
1034 1040 1104 1079 tibi
1128 1053 1235 1078 arma
1254 1039 1318 1077 alii
1341 1039 1378 1076 in
1402 1053 1473 1084 me,

148 1108 211 1145 alii
234 1116 322 1158 post
345 1108 383 1145 in
405 1108 513 1146 illum
536 1108 725 1146 invictum
753 1108 879 1146 civem
901 1108 1108 1153 dederunt,
1132 1105 1338 1143 hominum
1362 1105 1478 1143 bene-

90 1189 127 1220 ¹5
150 1171 237 1210 ficia
258 1185 414 1221 prorsus
436 1174 616 1211 concedo
637 1173 707 1211 tibi
733 1173 810 1210 iam
840 1172 986 1210 maiora
1014 1185 1094 1209 non
1120 1184 1204 1208 esse
1226 1171 1476 1219 quaerenda:

148 1250 171 1274 a
191 1238 251 1275 dis
273 1239 435 1287 quidem
464 1238 751 1276 immortalibus
775 1251 876 1287 quae
905 1244 1034 1286 potest
1062 1234 1213 1273 homini
1242 1234 1364 1272 maior
1391 1248 1476 1272 esse
1498 1246 1537 1277 39

149 1315 278 1352 poena
298 1304 426 1341 furore
452 1311 571 1353 atque
598 1304 828 1342 dementia?
857 1302 931 1340 nisi
953 1303 1051 1340 sorte
1079 1301 1119 1338 in
1146 1300 1354 1350 tragoediis
1377 1313 1476 1349 quos

149 1369 308 1406 vulnere
324 1381 369 1406 ac
383 1369 520 1406 dolore
537 1367 710 1418 corporis
724 1367 886 1406 cruciari
901 1374 938 1405 et
952 1367 1133 1404 consumi
1147 1365 1267 1411 vides,
1282 1364 1476 1414 graviores

149 1433 314 1471 deorum
350 1433 628 1472 immortalium
664 1433 737 1471 iras
772 1432 902 1471 subire
937 1445 1055 1482 quam
1089 1431 1174 1469 illos
1207 1430 1273 1480 qui
1306 1432 1476 1468 furentes

91 1517 131 1538 20
150 1498 389 1537 inducuntur
409 1507 534 1549 putas.
593 1500 687 1537 Non
714 1506 804 1536 sunt
832 1498 884 1535 illi
914 1498 1079 1535 eiulatus
1101 1503 1138 1534 et
1159 1495 1327 1546 gemitus
1349 1496 1476 1533 Philo-

149 1571 275 1601 ctetae
288 1571 367 1601 tam
383 1563 525 1611 miseri,
541 1577 782 1614 quamquam
797 1570 887 1601 sunt
900 1562 1045 1609 acerbi,
1059 1574 1177 1611 quam
1192 1560 1256 1598 illa
1269 1560 1476 1598 exsultatio

148 1628 400 1666 Athamantis
421 1637 458 1667 et
479 1642 597 1679 quam
616 1628 768 1667 senium
787 1627 1089 1666 matricidarum.
1139 1628 1202 1664 Tu
1220 1639 1309 1663 cum
1331 1625 1475 1662 furialis

149 1693 188 1730 in
209 1693 462 1731 contionibus
482 1707 599 1732 voces
622 1693 752 1740 mittis,
772 1706 861 1731 cum
884 1694 1025 1731 domos
1047 1691 1190 1729 civium
1211 1690 1361 1736 evertis,
1384 1703 1475 1727 cum

149 1758 345 1807 lapidibus
375 1758 546 1808 optimos
576 1758 678 1796 viros
708 1759 792 1796 foro
828 1757 950 1808 pellis,
983 1770 1072 1795 cum
1103 1755 1275 1794 ardentis
1305 1756 1408 1793 faces
1436 1755 1476 1792 in

88 1839 126 1870 25
148 1821 366 1861 vicinorum
404 1830 508 1861 tecta
538 1824 668 1869 iactas,
701 1836 791 1861 cum
822 1822 931 1861 aedis
962 1835 1089 1860 sacras
1120 1821 1351 1866 inflammas,
1384 1833 1474 1858 cum

148 1901 278 1926 servos
300 1888 488 1936 concitas,
503 1902 592 1926 cum
615 1901 722 1926 sacra
743 1889 938 1937 ludosque
959 1887 1182 1932 conturbas,
1202 1899 1292 1923 cum
1314 1898 1473 1922 uxorem

148 1966 400 2003 sororemque
418 1967 497 1991 non
514 1953 715 2001 discernis,
731 1966 821 1991 cum
839 1954 946 2003 quod
964 1952 1070 1990 ineas
1092 1951 1222 1990 cubile
1239 1964 1318 1988 non
1340 1950 1471 1996 sentis,

147 2026 230 2056 tum
260 2018 475 2066 baccharis,
501 2026 585 2057 tum
615 2019 718 2065 furis,
748 2027 832 2057 tum
863 2019 932 2057 das
963 2031 1028 2056 eas
1059 2030 1206 2067 poenas
1237 2029 1337 2066 quae
1367 2017 1474 2054 solae

147 2091 237 2121 sunt
258 2084 465 2121 hominum
487 2083 621 2122 sceleri
642 2097 664 2121 a
685 2085 745 2122 dis
767 2083 1053 2121 immortalibus
1075 2083 1322 2121 constitutae.
1369 2083 1470 2119 Nam

88 2162 129 2193 30
148 2148 319 2198 corporis
341 2149 502 2198 quidem
524 2149 645 2187 nostri
673 2148 876 2187 infirmitas
903 2150 1047 2186 multos
1069 2148 1173 2186 subit
1195 2161 1306 2185 casus
1328 2160 1396 2196 per
1417 2160 1467 2193 se,

191 2264 209 2289 4
233 2259 312 2283 ante
331 2259 363 2283 te
381 2252 509 2285 Pku:
536 2258 615 2284 ante
633 2253 720 2283 ΒΣΙι·
848 2263 864 2290 7
890 2253 1078 2282 coniventis
1097 2251 1150 2281 lstle
1165 2251 1213 2280 all
1236 2263 1242 2281 ι
1268 2255 1469 2281 contuentes

146 2294 337 2325 P²BHGEt
472 2298 491 2326 8
516 2297 654 2327 sororiis
671 2297 795 2335 stupris
813 2295 913 2330 Koch,
935 2296 1069 2334 improb.
1088 2293 1238 2324 Zt'elt'nsk.
1349 2303 1385 2331 15
1411 2294 1469 2323 tibi

148 2339 210 2369 iam
240 2340 365 2370 maiora
389 2339 495 2369 Halm
519 2351 525 2370 :
558 2340 767 2370 tibiamaiora
793 2338 850 2369 P:
884 2339 941 2368 tibi
967 2343 1000 2368 at
1030 2340 1079 2368 “ac
1103 2340 1140 2377 lc)
1170 2338 1296 2367 maiora
1314 2336 1470 2366 P23ku

147 2392 187 2411 22
218 2383 348 2413 senium
375 2382 407 2412 P
430 2383 495 2413 rell.
524 2384 705 2423 [somnium
734 2383 809 2422 bk):
842 2382 970 2412 insania
996 2381 1073 2421 Jeep
1191 2381 1233 2410 28
1260 2379 1387 2409 surisB
1404 2380 1466 2410 rell.

142 2430 268 2465 praeter
285 2426 346 2456 GE
362 2427 512 2467 qureris)
532 2438 538 2457 ε
563 2427 665 2457 fueris
683 2426 714 2456 P
