1774 2782
252 180 326 216 DE
360 180 526 217 DOMO
557 179 660 216 SVA
689 179 765 216 AD
799 179 1132 216 PONTIFICES
1165 179 1380 216 ORATIO
1429 188 1481 224 30

156 296 356 327 auctorem
377 289 611 326 adumbrare
629 287 828 326 meliorem
847 289 862 325 Ρ
911 288 978 325 Sin
995 296 1125 326 autem
1148 288 1178 326 is
1199 289 1346 338 primus
1360 289 1480 334 scivit,

157 354 264 403 quod
297 353 408 391 facile
440 354 578 402 potuit,
607 354 679 402 qul
701 360 858 402 propter
891 351 1065 402 inopiam
1100 355 1190 391 tecti
1224 353 1262 391 in
1294 356 1377 392 foro
1403 368 1482 403 per-

155 424 363 463 noctasset,
387 430 455 455 cur
476 431 555 454 non
578 418 675 455 iuret
696 431 737 455 se
760 416 940 455 Gadibus
963 417 1091 465 fuisse,
1117 432 1206 455 cum
1234 427 1274 456 tu
1303 427 1340 456 te
1364 418 1482 456 fuisse

158 484 406 520 Interamnae
441 482 697 531 probaveris?
756 483 847 519 Hoc
880 489 921 518 tu
956 481 1080 531 igitur,
1117 483 1237 520 homo
1272 483 1479 532 popularis,

118 561 135 592 5
156 548 237 586 iure
269 547 459 585 munitam
495 546 691 585 civitatem
725 554 762 585 et
794 546 1014 584 libertatem
1048 554 1219 585 nostram
1253 557 1365 597 putas
1398 562 1482 586 esse

156 621 345 663 oportere,
365 620 416 658 ut,
436 613 466 650 si
489 612 646 649 tribuno
668 611 794 661 plebis
816 619 978 660 rogante
1002 615 1010 630 ‘
1028 614 1476 651 VEL1T181VBEATISNE'

156 677 298 716 Fidulii
313 686 472 715 centum
489 691 530 715 se
547 678 644 715 velle
661 685 698 715 et
714 676 848 715 iubere
864 676 1041 723 dixerint,
1063 677 1184 727 possit
1201 692 1301 716 unus
1315 678 1482 728 quisque

155 750 332 780 nostrum
364 741 543 780 amittere
575 741 807 779 civitatem?
875 744 980 779 Tum
1018 742 1132 791 igitur
1164 744 1329 781 maiores
1361 744 1481 781 nostri

156 809 362 858 populares
393 821 472 844 non
504 808 670 854 fuerunt,
692 806 758 856 qui
789 808 839 845 de
869 806 1025 845 civitate
1055 815 1092 845 et
1120 807 1296 846 libertate
1326 822 1372 846 ea
1402 808 1483 846 iura

99 885 137 906 10
156 879 364 911 sanxerunt
386 885 486 921 quae
507 885 580 909 nec
598 871 653 909 vis
670 878 893 922 temporum
911 885 984 910 nec
998 874 1174 922 potentia
1189 873 1481 923 magistratuum

156 950 228 975 nec
248 942 473 985 praetorum
503 937 647 973 decreta
669 949 741 974 nec
766 936 938 986 denique
960 937 1128 976 universi
1154 938 1287 988 populi
1310 939 1481 977 Romani

155 1010 337 1051 potestas,
375 1015 476 1050 quae
517 1000 654 1039 ceteris
695 1001 734 1038 in
774 1002 890 1040 rebus
930 1010 988 1040 est
1028 1004 1207 1048 maxima,
1249 1003 1481 1042 labefactare

155 1065 287 1116 possit.
358 1068 410 1104 At
433 1073 492 1103 ‘tu
533 1065 664 1113 etiam,
696 1074 849 1117 ereptor
889 1066 1066 1113 civitatis,
1099 1069 1224 1117 legem
1253 1069 1304 1107 de
1334 1068 1480 1107 iniuriis

156 1130 321 1180 publicis
343 1130 464 1169 tulisti
482 1130 694 1180 Anagnino
715 1131 849 1170 nescio
866 1132 928 1170 cui
948 1133 1149 1170 Menullae
1170 1140 1397 1182 pergratam,
1415 1134 1480 1183 qui

98 1208 134 1239 15
157 1195 226 1234 tibi
242 1196 294 1234 ob
316 1210 402 1234 eam
423 1197 548 1246 legem
571 1203 739 1234 statuam
762 1195 800 1233 in
824 1196 920 1234 meis
947 1196 1112 1235 aedibus
1140 1197 1280 1246 posuit,
1305 1206 1346 1236 ut
1373 1200 1481 1237 locus

156 1261 238 1311 ipse
278 1262 316 1299 in
356 1270 464 1300 tanta
495 1270 561 1300 tua
600 1262 739 1300 iniuria
771 1264 897 1312 legem
932 1270 969 1301 et
1006 1262 1299 1313 inscriptionem
1333 1272 1482 1303 statuae

155 1327 370 1374 refelleret;
400 1341 501 1377 quae
536 1341 594 1365 res
629 1327 895 1377 municipibus
931 1327 1148 1378 Anagninis
1190 1331 1314 1368 multo
1348 1332 1480 1368 maiori

155 1392 281 1430 dolori
301 1392 372 1430 fuit
394 1406 511 1442 quam
541 1406 642 1442 quae
670 1394 775 1431 idem
802 1392 865 1431 ille
891 1392 1082 1441 gladiator
1109 1394 1254 1432 scelera
1278 1395 1482 1445 Anagniae

157 1459 312 1495 fecerat.
371 1457 509 1506 Quid?
538 1459 568 1495 si
591 1472 640 1496 ne
662 1457 848 1508 scriptum
871 1457 1032 1507 quidem
1054 1472 1242 1508 umquam
1264 1468 1320 1497 est
1342 1459 1381 1497 in
1410 1459 1481 1498 ista

97 1538 137 1558 20
158 1525 241 1573 ipsa
271 1524 482 1572 rogatione,
507 1537 625 1573 quam
656 1536 696 1561 se
726 1522 903 1561 Fidulius
932 1531 1047 1572 negat
1073 1523 1244 1571 scivisse,
1265 1532 1306 1562 tu
1334 1532 1478 1572 autem,

156 1596 297 1626 utacta
311 1589 366 1625 tui
388 1589 570 1638 praeclari
594 1588 815 1627 tribunatus
837 1587 1008 1627 hominis
1027 1587 1218 1638 dignitate
1231 1591 1478 1637 cobonestes,

154 1662 355 1692 auctorem
377 1656 735 1704 amplexeris--sed
758 1663 904 1702 tamen)
926 1655 954 1692 si
979 1653 1138 1693 nihilde
1160 1669 1223 1693 me
1253 1656 1372 1694 tulisti
1404 1670 1482 1706 quo

157 1719 285 1757 minus
312 1732 438 1758 essem
475 1733 554 1758 non
587 1721 707 1758 modo
739 1720 777 1757 in
810 1719 954 1757 civium
985 1733 1162 1766 numero,
1191 1722 1264 1758 sed
1295 1720 1412 1759 etiam
1444 1721 1482 1759 in

156 1798 204 1822 eo
231 1786 319 1821 loco
352 1783 388 1821 in
426 1798 506 1834 quo
539 1799 602 1824 me
633 1786 803 1824 honores
836 1785 970 1834 populi
1007 1784 1178 1823 Romani
1213 1787 1481 1834 conlocarunt,

97 1860 134 1891 25
157 1857 341 1887 tamenne
369 1863 459 1888 eum
487 1858 554 1888 tua
581 1864 677 1889 voce
705 1850 869 1888 violabis
896 1863 1013 1899 quem
1036 1857 1124 1899 post
1145 1850 1334 1888 nefarium
1357 1854 1482 1890 scelus

155 1916 363 1954 consulum
404 1915 647 1964 superiorum
688 1924 744 1954 tot
791 1915 900 1953 vides
945 1913 1098 1953 iudiciis
1138 1924 1307 1963 senatus,
1348 1917 1480 1966 populi

158 1979 339 2025 Romani,
365 1980 501 2018 Italiae
532 1980 649 2019 totius
680 1982 943 2026 honestatum,
968 1993 1087 2029 quem
1118 1993 1167 2018 ne
1198 1988 1290 2018 tunc
1321 1981 1481 2030 quidem

155 2059 245 2083 cum
267 2046 425 2084 aberam
452 2060 592 2096 negare
614 2055 768 2096 poteras
790 2059 875 2084 esse
900 2054 966 2084 tua
988 2047 1071 2095 lege
1093 2053 1312 2084 senatorem
1331 2049 1346 2084 ?
1403 2047 1480 2085 Vbi

199 2160 217 2178 2
241 2151 296 2188 qui
323 2150 434 2181 Basa:
462 2161 562 2190 quum
590 2151 709 2182 Klotz:
741 2162 807 2182 om.
828 2151 914 2182 codd.
1062 2161 1093 2180 11
1127 2156 1319 2189 praetorum
1346 2152 1480 2182 decreta

158 2193 320 2232 (edictal)
338 2194 472 2234 scripsi:
498 2205 551 2225 res
577 2200 645 2225 tum
672 2195 815 2226 iudicata
839 2194 928 2226 codd.
949 2194 1033 2233 (tum
1052 2194 1130 2230 H‘s,
1147 2194 1208 2224 iarn
1227 2194 1345 2230 Halm,
1359 2206 1422 2226 om.
1443 2196 1479 2226 lt:

156 2237 191 2275 cf]
214 2237 302 2268 Verr.
322 2240 383 2273 V.§
407 2238 460 2276 12)
480 2249 486 2268 ε
512 2248 622 2269 rerum
638 2239 856 2269 iudicatarum
874 2239 1056 2269 auctoritas
1070 2238 1181 2268 Madv.
1202 2250 1207 2268 :
1233 2248 1342 2268 rerum
1361 2239 1480 2269 iudicia

158 2280 317 2318 Reidoel.
334 2280 398 2319 Qu.
416 2282 457 2313 iv.
474 2283 547 2320 173)
657 2292 695 2321 13
721 2283 849 2322 possit?
875 2282 983 2313 Muell.
1078 2292 1115 2320 14
1142 2286 1330 2320 pergratam
1344 2282 1455 2313 Madv.
1473 2294 1480 2312 τ

156 2333 218 2362 per
242 2324 380 2362 gratiam
405 2324 493 2356 codd.
653 2336 689 2365 17
710 2330 784 2366 post
807 2325 997 2363 Anagninis
1022 2325 1096 2356 add.
1128 2324 1232 2355 GMbe
1254 2326 1479 2355 ornatissimis

161 2376 199 2404 ¹9
227 2377 364 2406 usquam
385 2368 533 2399 Gult'elm.
608 2379 648 2398 22
672 2375 843 2399 auctorem
861 2368 967 2399 codd:
991 2369 1224 2399 auctoritatem
1239 2369 1326 2409 vulg.
1410 2379 1476 2398 am-

156 2410 305 2448 plexeris
318 2411 406 2442 codd.
419 2415 549 2451 praeler
561 2412 614 2442 Me
626 2413 869 2453 <amplecter-isi
960 2424 998 2451 27
1025 2418 1104 2443 tunc
1122 2411 1209 2442 codd.
1226 2416 1353 2453 praeter
1368 2411 1477 2441 HbcM

159 2454 256 2494 (tum)
276 2454 295 2483 k
315 2456 376 2494 ξω)
1352 2498 1392 2528 5*

1504 188 1543 216 80

1502 1078 1536 1108 81

1501 1434 1542 1470 31

1501 1486 1539 1514 82
