1774 2782
262 142 400 188 56143
702 139 755 173 M.
790 138 955 173 TVLLI
990 135 1295 174 CICERONIS

338 257 497 298 penates
519 262 564 286 ac
587 247 794 284 familiares
817 245 890 283 mei
917 259 984 294 per
1010 258 1078 282 vos
1105 246 1142 282 in
1170 259 1297 282 meam
1319 245 1483 282 domum
1505 258 1660 282 mecum

268 305 317 342 57
338 321 448 351 erunt
470 312 646 350 restituti.
708 312 904 358 Quocirca
919 318 966 356 te,
985 309 1219 359 Capitoline,
1239 323 1356 359 quem
1375 317 1531 358 propter
1547 309 1662 347 bene-

257 366 316 394 144
338 376 424 413 ficia
454 378 623 426 populus
654 377 861 413 Romanus
896 373 1118 423 Optimum,
1148 382 1304 424 propter
1331 375 1408 411 vim
1443 373 1660 411 Maximum

336 440 563 487 nominavit,
582 447 712 490 teque,
737 441 840 477 Iuno
862 439 1024 488 Regina,
1048 446 1085 477 et
1107 446 1155 485 te,
1179 446 1310 477 custos
1332 439 1448 485 urbis,
1470 438 1659 484 Minerva,

335 519 436 555 quae
463 518 618 555 semper
646 504 813 542 adiutrix
843 503 1097 541 consiliorum
1134 517 1323 550 meorum,
1350 504 1458 540 testis
1484 502 1660 541 laborum
1684 520 1700 549 5

336 569 524 617 exstitisti,
548 583 685 620 precor
711 576 831 619 atque
855 582 1015 618 quaeso,
1038 581 1189 618 vosque
1209 569 1274 618 qui
1293 567 1461 606 maxime
1483 581 1538 605 me
1557 581 1662 617 repe<

336 635 434 673 tistis
454 643 574 685 atque
594 633 815 680 revocastis,
831 647 998 684 quorum
1016 634 1066 671 de
1087 633 1248 671 sedibus
1265 634 1362 671 haec
1384 632 1478 669 mihi
1501 641 1557 671 est
1579 647 1662 682 pro-

335 700 463 750 posita
486 699 700 746 contentio,
724 698 836 749 patrii
862 706 1024 748 penates
1049 697 1349 747 familiaresque,
1373 696 1439 747 qui
1464 698 1554 735 huic
1576 698 1661 735 urbi

335 773 373 804 et
394 766 447 804 rei
469 765 651 816 publicae
675 764 917 815 praesidetis,
939 777 1009 801 vos
1033 764 1220 811 obtestor,
1242 776 1410 813 quorum
1433 776 1506 812 ego
1525 776 1546 800 a
1569 770 1662 801 tem-

335 830 408 880 plis
435 838 555 880 atque
581 829 757 869 delubris
783 828 1008 880 pestiferam
1036 828 1142 866 illam
1176 835 1215 866 et
1243 827 1431 866 nefariam
1463 828 1661 865 flammam
1687 842 1724 862 10

335 894 480 945 depuli,
507 903 634 945 teque,
658 897 780 933 Vesta
804 901 938 940 mater,
962 893 1074 931 cuius
1100 891 1338 931 castissimas
1363 894 1585 930 sacerdotes
1611 893 1662 930 ab

335 959 542 998 hominum
557 960 775 998 amentium
789 960 916 996 furore
933 966 971 996 et
986 959 1133 996 scelere
1146 956 1519 1007 defendi‚cuiusque
1533 956 1662 1007 ignem

335 1026 444 1062 illum
479 1025 761 1073 sempiternum
797 1037 877 1061 non
911 1036 999 1061 sum
1032 1036 1171 1073 passus
1204 1029 1271 1060 aut
1300 1021 1490 1071 sanguine
1518 1021 1662 1060 civium

255 1106 314 1136 145
335 1089 521 1138 restingui
540 1096 607 1126 aut
628 1101 718 1126 cum
740 1087 861 1126 totius
881 1088 988 1126 urbis
1009 1086 1196 1125 incendio
1215 1086 1474 1133 commisceri,
1495 1094 1549 1133 ut,
1571 1085 1602 1124 si
1623 1085 1662 1124 in

335 1155 401 1191 illo
428 1167 554 1203 paene
580 1154 662 1191 fato
687 1152 742 1191 rei
767 1152 951 1201 publicae
977 1151 1107 1191 obieci
1135 1165 1268 1190 meum
1295 1159 1412 1201 caput
1437 1165 1507 1201 pro
1527 1152 1663 1190 vestris
1688 1165 1721 1197 ¹5

334 1218 581 1257 caerimoniis
613 1226 732 1267 atque
771 1217 928 1267 templis
968 1216 1319 1267 perditissimorum
1361 1215 1505 1254 civium
1543 1217 1662 1254 furori

335 1291 454 1333 atque
479 1285 589 1330 ferro,
613 1290 651 1321 et
676 1281 707 1320 si
735 1283 886 1329 iterum,
909 1296 1000 1320 cum
1027 1296 1074 1320 ex
1096 1295 1185 1320 mea
1207 1282 1464 1319 contentione
1485 1280 1663 1319 interitus

335 1348 531 1386 bonorum
555 1347 734 1386 omnium
760 1355 1020 1397 quaereretur,
1045 1360 1113 1385 vos
1143 1359 1230 1384 sum
1256 1353 1431 1393 testatus,
1459 1346 1572 1384 vobis
1600 1360 1662 1385 me

335 1427 381 1451 ac
411 1426 520 1451 meos
549 1411 838 1459 commendavi,
868 1425 1011 1462 meque
1044 1420 1164 1461 atque
1195 1425 1326 1449 meum
1355 1418 1472 1460 caput
1497 1425 1544 1449 ea
1570 1425 1662 1449 con-

334 1478 492 1517 dicione
521 1476 661 1516 devovi
691 1485 744 1524 ut,
772 1477 803 1515 si
832 1485 871 1516 et
901 1491 949 1516 eo
981 1477 1067 1527 ipso
1094 1484 1272 1526 tempore
1303 1484 1341 1515 et
1372 1484 1464 1514 ante
1498 1475 1538 1514 in
1571 1490 1662 1514 con-
1682 1493 1724 1516 20

335 1545 463 1581 sulatu
493 1556 584 1581 meo
617 1542 840 1581 commodis
875 1543 972 1581 meis
1002 1542 1200 1589 omnibus,
1233 1541 1524 1588 emolumentis,
1556 1555 1662 1592 prae-

335 1607 422 1646 miis
456 1607 736 1658 praetermissis
771 1621 873 1655 cura,
904 1607 1152 1657 cogitatione,
1184 1606 1320 1657 vigiliis
1353 1606 1539 1645 omnibus
1565 1607 1662 1645 nihil

335 1672 407 1710 nisi
433 1674 483 1711 de
507 1674 631 1711 salute
657 1686 833 1711 meorum
862 1672 1005 1710 civium
1028 1672 1279 1717 laborassem,
1303 1679 1386 1709 turn
1412 1670 1507 1709 mihi
1533 1685 1572 1710 re
1593 1686 1662 1722 pu-

336 1737 438 1776 blica
456 1737 671 1787 aliquando
691 1736 865 1775 restituta
886 1737 1018 1775 liceret
1046 1736 1129 1783 frui,
1152 1736 1211 1774 sin
1232 1744 1363 1774 autem
1393 1749 1481 1774 mea
1500 1736 1663 1774 consilia

335 1802 481 1853 patriae
504 1815 584 1840 non
600 1802 845 1852 profuissent,
862 1809 903 1840 ut
920 1810 1153 1852 perpetuum
1170 1802 1346 1840 dolorem
1360 1803 1517 1839 avulsus
1530 1814 1552 1839 a
1566 1801 1662 1840 meis
1685 1815 1722 1848 25

335 1867 593 1907 sustinerem:
622 1868 724 1905 hanc
753 1881 826 1918 ego
855 1866 1108 1906 devotionern
1140 1866 1279 1916 capitis
1302 1865 1391 1913 mei,
1414 1879 1505 1904 cum
1529 1879 1596 1905 ero
1623 1865 1662 1904 in

335 1946 444 1971 meas
468 1932 573 1971 sedis
596 1932 807 1979 restitutus,
832 1940 913 1970 tum
940 1932 1115 1982 denique
1136 1931 1358 1970 convictam
1385 1944 1470 1969 esse
1495 1938 1533 1970 et
1559 1945 1662 1970 corn-

255 2005 315 2045 ¹46
336 1997 492 2036 missam
515 1998 675 2047 putabo.
735 1999 838 2036 Nam
860 2011 966 2036 nunc
994 1997 1168 2048 quidem,
1191 1997 1410 2047 pontifices,
1431 2011 1512 2034 non
1533 1998 1659 2035 solum

335 2063 469 2109 domo,
486 2063 535 2100 de
556 2075 635 2111 qua
654 2062 863 2112 cognostis,
883 2064 952 2101 sed
973 2070 1053 2100 tota
1074 2062 1171 2100 urbe
1191 2075 1316 2108 careo,
1336 2061 1374 2099 in
1392 2075 1510 2111 quam
1527 2061 1662 2100 videor

335 2140 420 2165 esse
440 2126 650 2164 restitutus.
709 2127 827 2165 Vrbis
849 2127 953 2165 enim
975 2126 1254 2165 celeberrimae
1271 2133 1309 2165 et
1325 2126 1518 2164 maximae
1534 2135 1660 2176 partes
1682 2141 1723 2172 30

335 2193 543 2229 adversum
566 2190 663 2229 illud
687 2205 767 2229 non
798 2199 1112 2237 monumentum,
1135 2192 1205 2229 sed
1233 2192 1374 2229 vulnus
1402 2190 1548 2241 patriae
1572 2204 1661 2228 con-

379 2295 400 2324 6
423 2304 475 2324 me
494 2294 586 2333 (post
595 2293 757 2332 maxime)
769 2293 874 2334 suppl.
894 2293 1085 2333 Naugerius
1099 2294 1149 2334 (Ι)
1165 2305 1170 2323 ;
1196 2304 1261 2324 om.
1281 2292 1369 2323 codd.
1384 2295 1452 2331 (me
1470 2294 1616 2324 maxime
1626 2294 1661 2333 k)

335 2348 356 2375 9
380 2337 581 2376 praesidetis
601 2337 704 2367 GMe:
729 2337 903 2376 praesides
927 2337 1011 2367 PB:
1036 2337 1211 2376 praesides
1229 2337 1311 2367 estis
1331 2341 1366 2367 ut
1386 2336 1495 2367 Halm
1513 2337 1558 2367 ita
1575 2337 1662 2368 Ηύς

340 2390 376 2410 12
400 2380 582 2411 amentium
599 2379 758 2410 stlomms.
775 2393 780 2411 :
806 2380 952 2410 amentia
968 2380 1057 2411 codd.
