1774 2782
230 132 283 169 40
304 130 344 168 87
666 121 722 157 M.
753 120 920 157 TVLLI
953 119 1259 157 CICERONIS

301 229 492 277 existimo,
519 230 548 266 si
578 228 740 266 Milonis
765 241 923 265 causam
953 228 1191 266 accusatoris
1221 243 1318 268 voce
1347 230 1624 268 conlaudatam

300 295 478 344 probaro,
502 307 570 332 vos
599 295 636 330 in
668 295 744 330 hoc
774 292 936 330 crimine
963 306 1096 342 parem
1124 293 1223 331 Sesti
1250 308 1407 333 causam
1436 294 1626 333 existima-

301 366 430 396 turos:
460 358 556 396 adiit
577 358 691 408 igitur
717 360 764 395 T.
788 358 940 395 Annius
967 359 1018 395 ad
1046 370 1204 396 causam
1226 361 1277 397 rei
1307 360 1487 410 publicae
1508 359 1563 397 sic
1584 366 1625 397 ut

299 425 425 461 civem
460 423 605 473 patriae
639 422 853 472 reciperare
885 424 999 460 vellet
1031 431 1218 472 ereptum.
1292 425 1464 475 Simplex
1495 438 1622 471 causa,

300 496 485 526 constans
501 490 609 535 ratio,
626 490 741 538 plena
756 487 1027 526 consensionis
1042 488 1231 536 omnium,
1248 492 1364 539 plena
1377 492 1623 529 concordiae.
1645 502 1663 535 5

301 555 495 603 (onlegas
534 555 731 592 adiutores
771 553 968 599 habebat3
1015 553 1188 591 consulis
1230 555 1387 593 alterius
1427 569 1624 593 summum

300 619 488 665 studium,
504 618 659 656 alterius
675 619 830 656 animus
852 632 976 668 paene
994 620 1180 667 placatus,
1199 621 1249 658 de
1266 620 1508 670 praetoribus
1524 634 1625 658 unus

298 686 459 730 alicnus,
484 692 640 722 senatus
670 684 909 722 incredibilis
936 685 1126 731 voluntas,
1150 686 1326 734 equitum
1354 688 1624 725 Romanorum

298 748 418 787 animi
453 751 503 787 ad
539 763 696 787 causam
731 749 897 795 excitati,
934 757 1062 787 erecta
1099 750 1221 788 Italia.
1283 753 1376 789 Duo
1410 753 1480 789 soli
1516 758 1625 789 erant

298 814 419 864 empti
450 816 500 853 ad
530 814 853 864 impediendumj
892 814 958 864 qui
989 814 1020 852 si
1050 816 1231 853 homines
1260 817 1435 865 despecti
1465 823 1503 855 et
1533 830 1623 854 con-
1645 829 1685 851 10

299 879 436 929 tempti
477 887 625 917 tantam
665 893 745 917 rem
782 879 971 917 sustinere
1005 893 1085 917 non
1121 882 1351 929 potuissent,
1392 895 1432 919 se
1454 895 1624 932 ⁴causam

300 958 418 994 quain
441 952 663 994 susceperat
684 945 792 982 nullo
816 944 950 982 labore
975 952 1222 994 peracturum
1244 947 1412 984 videbat.
1472 947 1625 996 Agebat

298 1011 540 1055 auctoritate,
570 1010 710 1059 agebat
740 1009 916 1055 consilio,
939 1009 1080 1059 agebat
1108 1023 1175 1059 per
1204 1024 1401 1048 summum
1433 1011 1624 1058 ordinem,

297 1075 436 1124 agebat
450 1076 631 1124 exemplo
648 1075 840 1112 bonorum
858 1088 903 1112 ac
920 1074 1075 1112 fortium
1094 1074 1235 1112 civium
1254 1091 1260 1114 :
1286 1076 1381 1125 quid
1398 1090 1437 1114 re
1454 1076 1621 1126 publica,

298 1140 393 1189 quid
424 1153 464 1178 se
495 1141 657 1189 dignum
689 1147 801 1186 esset,
835 1139 921 1189 quis
952 1139 1034 1189 ipse
1064 1148 1176 1187 esset,
1207 1141 1302 1190 quid
1332 1155 1495 1190 sperare,
1528 1142 1623 1192 quid
1644 1156 1681 1188 15

300 1205 512 1243 maioribus
534 1205 612 1242 suis
634 1206 796 1243 reddere
817 1206 988 1251 deberet,
1013 1205 1309 1254 diligentissime
1329 1206 1536 1256 cogitabat.

356 1270 463 1307 Huic
483 1269 657 1319 gravitati
676 1269 847 1307 hominis
864 1270 1022 1308 videbat
1040 1271 1102 1308 ille
1118 1270 1309 1319 gladiator
1329 1285 1381 1318 se,
1399 1271 1429 1309 si
1451 1272 1625 1311 moribus

298 1343 438 1384 ageret,
473 1348 606 1384 parem
639 1348 723 1373 esse
756 1348 836 1372 non
866 1348 1006 1384 posse;
1039 1336 1089 1373 ad
1120 1336 1273 1382 ferrum,
1306 1337 1419 1384 faces,
1452 1338 1502 1375 ad
1533 1339 1626 1375 coti-

297 1400 455 1438 dianam
477 1402 652 1446 caedem,
676 1400 869 1446 incendia,
893 1387 1047 1449 rapinas
1075 1414 1116 1438 se
1140 1414 1230 1438 cum
1252 1401 1421 1440 exercitu
1444 1416 1515 1441 suo
1535 1416 1625 1441 con-

297 1464 407 1512 tulit3
437 1465 601 1502 domum
630 1477 869 1514 oppugnare,
900 1464 1104 1502 itineribus
1129 1479 1340 1513 occurrere,
1370 1466 1406 1504 vi
1434 1469 1623 1507 lacessere
1645 1482 1685 1504 20

236 1245 280 1281 41

238 1297 278 1326 83

296 1538 334 1568 et
369 1538 509 1568 terrere
541 1529 681 1579 coepit.
744 1531 835 1568 Non
868 1530 990 1568 movit
1020 1530 1222 1569 hominem
1254 1545 1406 1570 summa
1437 1533 1624 1582 gravitate

297 1607 530 1644 summaque
558 1594 802 1642 constantia3
832 1596 901 1633 sed
929 1609 1169 1645 quamquam
1199 1598 1311 1635 dolor
1336 1597 1468 1645 animi,
1491 1597 1624 1637 innata

296 1659 464 1706 libertas,
506 1668 688 1709 prompta
730 1661 1004 1709 excellensque
1047 1660 1166 1698 virtus
1207 1662 1459 1701 fortissimum
1499 1663 1623 1701 virum

296 1725 524 1763 hortabatur
551 1724 586 1762 vi
612 1724 700 1771 vim,
724 1725 897 1762 oblatam
924 1725 1149 1775 praesertim
1177 1726 1342 1776 saepius,
1367 1736 1408 1766 ut
1433 1729 1624 1779 frangeret

296 1798 333 1827 et
354 1791 547 1836 refutaret,
566 1796 674 1827 tanta
694 1789 912 1827 moderatio
934 1790 1005 1828 fuit
1026 1790 1208 1839 hominis,
1228 1800 1379 1830 tantum
1401 1796 1621 1843 consilium,
1647 1807 1684 1838 25

296 1862 338 1892 ut
364 1853 584 1892 contineret
613 1855 789 1892 dolorem
818 1868 945 1905 neque
975 1857 1115 1894 eadem
1141 1870 1182 1894 se
1209 1870 1249 1896 re
1277 1859 1527 1897 ulcisceretur
1547 1874 1625 1910 qua

296 1927 397 1958 esset
418 1918 630 1965 lacessitus,
655 1920 724 1958 sed
752 1919 861 1957 illum
889 1928 946 1958 tot
973 1922 1049 1959 iam
1078 1921 1118 1959 in
1139 1922 1340 1961 funeribus
1368 1924 1420 1962 rei
1443 1925 1624 1975 publicae

296 1984 554 2022 exsultantem
581 1997 627 2021 ac
654 1983 934 2033 tripudiantem
964 1987 1105 2035 legum,
1133 1986 1163 2024 si
1192 1996 1335 2037 posset,
1358 1989 1507 2038 laqueis
1535 2004 1625 2028 con-

234 2055 276 2094 89
298 2050 510 2097 stringeret.
572 2049 789 2087 Descendit
809 2051 859 2088 ad
881 2052 1160 2090 accusandum.
1213 2053 1312 2101 Quis
1334 2067 1521 2104 umquam
1544 2063 1622 2094 tam

297 2112 448 2162 proprie
470 2112 521 2150 rei
544 2113 724 2162 publicae
746 2127 874 2162 causa,
898 2117 1014 2154 nullis
1043 2115 1267 2164 inimicitiis,
1291 2119 1405 2156 nullis
1427 2120 1619 2168 praemiis,
1644 2136 1685 2167 30

337 2226 355 2253 4
381 2220 530 2254 ereptum
550 2215 784 2256 Pantagathus
800 2229 807 2247 :
840 2229 857 2248 e
877 2229 947 2258 rep.
965 2224 1117 2258 ereptum
1132 2219 1236 2250 Hertz
1251 2232 1257 2250 2
1282 2231 1300 2250 e
1318 2231 1353 2251 re
1368 2231 1407 2251 ·Ρ-
1424 2227 1493 2252 tum
1507 2222 1541 2252 P
1555 2223 1619 2255 rell.

293 2260 313 2287 6
338 2258 433 2290 Conl.
451 2260 554 2289 adiut.
576 2260 650 2290 hab.
665 2264 743 2299 post
760 2261 855 2291 Italia
873 2262 907 2296 (l.
928 2263 961 2301 9}
981 2265 1099 2301 transf.
1120 2264 1210 2294 Paul
1372 2267 1410 2295 18
1435 2266 1476 2295 ad
1495 2265 1622 2297 ferrum

294 2302 384 2331 faces
401 2313 425 2332 s.
441 2303 464 2332 l.
481 2302 525 2332 P2
541 2315 547 2333 :
572 2304 613 2333 ad
631 2303 768 2344 serrum,
788 2305 828 2335 ad
847 2305 938 2336 faces
955 2306 1025 2338 edd.
1045 2310 1114 2337 velt.
1265 2318 1305 2346 24
1330 2308 1361 2338 vi
1378 2308 1446 2338 vim
1462 2309 1618 2349 oblatam,

294 2355 403 2384 praes.
423 2346 558 2385 saepius
576 2346 645 2377 edd.
