1774 2782
253 128 277 164 5
299 133 332 153 12
668 118 723 152 M.
753 117 921 152 TVLLI
955 115 1260 153 CICERONIS

295 227 546 272 defendente,
570 237 639 274 per
667 238 707 262 se
735 224 862 273 ipsum
895 231 1074 261 senatum
1106 225 1376 274 populumque
1399 225 1626 261 Romanum

297 290 380 328 sine
409 290 577 328 militum
602 288 797 338 praesidio
818 288 916 327 tueri
943 290 1055 327 facile
1084 289 1285 327 maiestate
1306 302 1376 326 sua
1396 287 1625 338 dignitatem

297 368 432 392 eorum
463 354 529 403 qui
560 356 726 392 salutem
757 367 1009 392 communem
1041 356 1214 404 periculo
1244 367 1315 392 suo
1346 353 1624 399 defendissent,

298 418 444 457 Sestius
478 432 568 456 cum
599 419 665 457 illo
696 418 865 457 exercitu
902 432 1054 456 summa
1086 419 1282 457 celeritate
1315 426 1372 456 est
1407 418 1626 456 Antonium

298 491 545 522 consecutus.
600 484 679 522 Hic
701 498 773 533 ego
791 484 886 534 quid
908 484 1132 534 praedicem
1153 483 1296 533 quibus
1318 482 1381 521 hic
1402 483 1518 521 rebus
1539 496 1628 521 con-
1649 498 1665 529 5

298 550 423 586 sulem
445 550 495 587 ad
517 563 598 587 rem
626 550 839 599 gerendam
868 548 1052 596 excitarit,
1077 562 1176 598 quos
1205 548 1384 586 stimulos
1411 547 1628 586 admoverit

297 613 447 652 homini
477 614 654 652 studioso
684 615 846 652 fortasse
867 613 1062 660 victoriae,
1087 615 1156 652 sed
1183 621 1315 651 tamen
1338 612 1503 650 nimium
1525 626 1629 651 com-

298 692 459 716 munem
482 680 651 716 Martem
674 678 764 716 belli
787 692 1001 727 casumque
1023 679 1243 716 metuenti?
1302 679 1483 727 Longum
1505 685 1563 716 est
1583 690 1629 715 ea

298 744 439 791 dicere,
473 745 542 782 sed
574 745 649 781 hoc
680 744 797 781 breve
827 743 981 781 dicam:
1014 743 1045 780 si
1077 745 1132 780 M.
1166 742 1292 781 Petrei
1323 756 1403 780 non
1434 743 1628 781 excellens

297 808 451 846 animus
482 816 520 846 et
550 822 659 846 amor
689 808 740 846 rei
772 807 964 858 publicae,
992 821 1072 845 non
1102 815 1302 858 praestans
1333 807 1372 845 in
1402 820 1442 846 re
1472 806 1628 857 publica
1650 826 1689 848 10

298 873 428 921 virtus,
467 887 548 911 non
581 888 734 911 summa
766 874 975 911 auctoritas
1007 874 1113 922 apud
1146 873 1298 920 milites,
1331 886 1411 910 non
1443 871 1629 910 mirificus

300 953 390 977 usus
422 938 460 976 in
491 953 530 977 re
561 938 715 976 militari
746 938 963 984 exstitisset,
996 951 1125 987 neque
1159 938 1314 977 adiutor
1344 937 1379 976 ei
1410 940 1450 975 P.
1483 937 1630 976 Sestius

298 1005 348 1042 ad
379 1004 630 1042 excitandum
659 1003 891 1050 Antonium,
922 1004 1222 1050 cohortandum,
1254 1003 1533 1051 accusandum,
1564 1004 1630 1041 im-

299 1071 525 1119 pellendum
544 1069 687 1116 fuisset,
708 1070 822 1107 datus
843 1070 909 1106 illo
926 1068 965 1106 in
983 1069 1086 1106 bello
1104 1076 1204 1106 esset
1226 1068 1344 1106 hiemi
1362 1069 1482 1115 locus,
1500 1081 1630 1118 neque

300 1148 486 1184 umquam
510 1134 690 1180 Catilina,
714 1148 804 1172 cum
833 1148 854 1172 e
882 1133 1021 1183 pruina
1041 1133 1269 1183 Appennini
1293 1142 1411 1184 atque
1432 1148 1453 1172 e
1474 1132 1629 1171 nivibus
1651 1152 1689 1183 15

301 1201 372 1239 illis
390 1202 609 1238 emersisset
624 1208 742 1249 atque
758 1207 948 1238 aestatem
969 1199 1160 1249 integram
1180 1207 1348 1238 nanctus
1366 1198 1502 1237 Italiae
1523 1198 1631 1237 callis

300 1274 337 1304 et
376 1275 575 1316 pastorum
620 1266 772 1303 stabula
811 1278 1100 1315 praeoccupare
1138 1264 1342 1314 coepisset,
1384 1264 1467 1303 sine
1507 1266 1631 1302 multo

301 1330 490 1380 sanguine
520 1344 566 1368 ac
600 1330 684 1368 sine
717 1329 836 1368 totius
870 1329 1006 1368 Italiae
1038 1330 1217 1367 vastitate
1257 1329 1473 1368 miserrima
1503 1329 1632 1367 conci-

301 1396 431 1434 disset.
489 1397 610 1433 Hunc
625 1395 739 1444 igitur
752 1394 928 1432 animum
944 1395 1073 1432 attulit
1086 1395 1136 1432 ad
1153 1395 1395 1432 tribunatum
1411 1397 1452 1432 P.
1469 1394 1631 1441 Sestius,

302 1469 341 1499 ut
364 1468 614 1511 quaesturam
639 1460 902 1498 Macedoniae
930 1459 1148 1509 relinquam
1170 1468 1207 1498 et
1227 1459 1441 1509 aliquando
1461 1461 1511 1498 ad
1533 1461 1630 1498 haec
1652 1477 1692 1499 20

301 1526 483 1577 propiora
503 1525 683 1573 veniam3
712 1538 954 1574 quamquam
985 1538 1064 1563 non
1095 1532 1153 1563 est
1180 1524 1400 1563 omittenda
1428 1523 1631 1574 singularis

302 1591 365 1628 illa
383 1590 581 1640 integritas
604 1589 864 1640 provincialis,
882 1589 994 1628 cuius
1010 1603 1084 1639 ego
1099 1602 1224 1639 nuper
1241 1589 1279 1626 in
1300 1588 1537 1627 Macedonia
1553 1589 1632 1627 vidi

302 1656 463 1704 vestigia
478 1668 558 1693 non
575 1668 707 1705 pressa
723 1654 858 1693 leviter
873 1656 923 1693 ad
940 1654 1065 1704 exigui
1083 1655 1415 1704 praedicationem
1433 1655 1631 1704 temporis,

347 1771 365 1789 2
390 1759 567 1790 maiestate
584 1769 644 1789 sua
663 1759 753 1797 dign.
777 1758 940 1790 ll'eidner:
970 1759 1175 1789 maiestatem
1191 1769 1283 1788 suam
1299 1758 1389 1797 dign.
1407 1757 1495 1788 codd.
1511 1758 1633 1797 (digni-

303 1808 474 1842 tatemque
488 1802 624 1838 Halm.)
642 1815 646 1832 :
672 1813 745 1832 cum
766 1803 942 1833 maiestate
960 1813 1021 1833 sua
1034 1803 1125 1841 dign.
1141 1801 1253 1832 Madv.
1350 1813 1369 1840 4
1394 1802 1431 1832 C.
1446 1801 1631 1832 Antonium

305 1852 510 1877 consecutus
521 1852 571 1877 est
583 1846 703 1876 Halm.
717 1850 801 1877 auct.
817 1846 888 1877 edd.
903 1857 992 1876 rece:
1011 1858 1039 1876 v.
1059 1846 1106 1877 Cl.
1119 1846 1181 1885 Qu.
1195 1846 1239 1876 iii.
1254 1848 1314 1884 267
1384 1856 1403 1884 5
1425 1845 1631 1884 consulemq.

305 1891 369 1921 1³²:
398 1890 571 1920 consulem
597 1895 759 1929 quaestor
794 1888 944 1919 lsVeidner
1087 1891 1108 1919 6
1131 1899 1216 1928 quos
1241 1888 1349 1920 Sclml.
1369 1902 1375 1920 :
1408 1894 1487 1928 quot
1512 1888 1544 1917 P
1567 1888 1628 1919 rell.

308 1945 324 1972 7
351 1934 494 1964 sortasse
511 1933 620 1964 Sclzol.
636 1945 641 1963 ε
668 1934 825 1964 fortassis
838 1933 941 1963 Prell.
1037 1944 1075 1963 10
1098 1944 1194 1964 amor
1213 1932 1362 1963 Gulielm.
1384 1944 1391 1962 :
1407 1942 1520 1962 amore
1532 1931 1632 1970 codd„

305 1981 333 2007 et
343 1978 387 2007 ila
401 1977 515 2007 Lamb.
530 1978 600 2008 sine
612 1977 768 2008 vocabulo
779 1981 812 2007 et
824 1977 930 2018 (PB),
947 1976 1075 2017 quodin
1088 1977 1119 2006 Ρ
1130 1977 1187 2007 del.
1203 1987 1327 2007 manns
1341 1976 1500 2013 recentior,
1514 1986 1578 2005 om.
1593 1987 1631 2006 w.

305 2020 397 2050 Num
409 2025 442 2051 et
453 2020 620 2062 (ardens)
632 2032 745 2051 amore
761 2021 860 2060 reip.'.2
954 2031 991 2059 13
1008 2019 1247 2060 accusandum]
1260 2020 1447 2050 acuendum
1460 2018 1556 2049 Paul.
1566 2018 1636 2048 Sed

304 2065 468 2103 cf.§122;
492 2064 539 2095 ad
552 2064 648 2095 Fam.
670 2065 690 2102 i,
713 2065 731 2099 i,
753 2066 768 2100 ξ
790 2074 802 2094 Ι
922 2074 958 2103 ῐ5
986 2075 1004 2094 e
1021 2064 1078 2094 all.
1097 2075 1119 2094 s.
1141 2064 1160 2094 l.
1181 2063 1231 2093 P:
1256 2073 1320 2094 om.
1341 2063 1368 2093 G
1489 2064 1527 2092 16
1551 2073 1632 2092 nan-

304 2112 375 2137 ctus
388 2107 428 2137 Ρ1
446 2119 451 2138 ;
474 2112 595 2137 nactus
607 2107 650 2137 P2
668 2108 731 2139 rell.
825 2107 941 2138 Italiae
955 2107 1012 2138 dcl.
1029 2107 1120 2136 Paul
1135 2119 1141 2137 :
1166 2107 1339 2136 silvestres
1356 2105 1543 2136 Eberhard:
1569 2106 1632 2135 sal-

303 2156 396 2181 tuum
412 2150 456 2181 K.
466 2151 592 2181 Busche
605 2152 656 2192 (cf.
671 2149 744 2181 Liv.
761 2151 841 2181 xxii.
854 2151 943 2190 148)
1040 2160 1075 2188 17
1101 2150 1230 2180 stabula
1243 2159 1495 2188 praeoccupare
1508 2147 1630 2187 Mnell.,

305 2194 394 2224 Koch
410 2206 416 2224 :
441 2194 593 2224 stabulae
612 2194 782 2233 praeclare
800 2193 854 2231 Ρ),
875 2205 951 2225 corr.
974 2205 1018 2224 m.
1035 2205 1054 2223 2
1067 2198 1107 2223 st.
1122 2193 1299 2232 praeclara
1311 2192 1447 2231 (stabuli
1463 2191 1633 2230 praeclara

306 2237 432 2271 Bina:
466 2237 596 2267 stabula
614 2237 766 2277 praedari
784 2236 920 2274 Halml,
939 2237 1083 2276 Kayser:
1107 2241 1148 2267 st.
1169 2246 1349 2276 peragrare
1367 2234 1495 2272 Madv.,
1516 2245 1634 2274 perva-

305 2281 376 2319 gari
406 2279 615 2321 Wesenberg:
653 2281 785 2312 stabula
810 2281 958 2319 cepisset
982 2279 1108 2317 Novak,
1136 2279 1195 2319 qui
1214 2279 1319 2309 vocal).
1347 2278 1521 2317 praeclare
1545 2278 1630 2317 delet,

305 2327 342 2353 nt
353 2323 482 2354 librarii
495 2324 635 2354 alicuius
648 2324 925 2354 exclamationem.
975 2323 1066 2353 Num
1084 2327 1166 2354 aest.
1181 2322 1239 2354 int.
1255 2327 1397 2352 nanctus
1411 2321 1528 2362 (intra)
1542 2321 1634 2352 callis

306 2372 338 2397 et
358 2372 441 2406 past.
463 2368 593 2398 stabula
612 2368 765 2407 praedari
784 2367 974 2407 coepisset?
1109 2377 1145 2398 21
1174 2366 1352 2406 propriora
1372 2364 1445 2397 PG¹
