1774 2782
497 153 605 189 PRO
640 153 679 189 P.
713 152 905 189 SESTIO
937 151 1152 189 ORATIO
1439 162 1483 198 41
1504 158 1546 197 89

159 262 265 298 nulla
304 260 510 299 hominum
546 262 810 311 postulatione
847 269 913 299 aut
948 261 1064 299 etiam
1099 262 1285 312 opinione
1320 262 1359 301 id
1393 276 1483 300 eum

158 338 347 374 umquam
369 339 453 364 esse
474 327 696 364 facturum?
754 326 881 364 Fracti
907 334 1015 364 erant
1035 326 1155 363 animi
1183 326 1379 373 hominis;
1409 327 1483 364 hoc

159 389 263 427 enini
281 399 492 429 accusante
508 391 659 440 pristini
678 390 778 428 illius
795 390 854 429 sui
871 390 988 429 iudici
1009 391 1288 440 turpitudinem
1307 392 1484 440 despera-

159 454 237 492 bat.
295 455 400 493 Ecce
429 455 499 494 tibi
529 457 678 502 consul,
706 463 870 505 praetor,
898 455 1077 494 tribunus
1108 456 1232 505 plebis
1262 470 1364 494 nova
1393 456 1483 494 novi

119 535 136 565 5
157 521 308 570 generis
343 521 473 559 edicta
507 529 758 572 proponunt;
800 524 871 559 ‘ne
905 535 992 559 reus
1023 521 1135 567 adsit,
1170 535 1219 560 ne
1251 522 1400 568 citetur,
1435 534 1485 560 ne

157 593 374 634 quaeratur,
412 600 461 624 ne
497 586 738 624 mentionem
777 585 942 624 omnino
980 586 1165 636 cuiquam
1205 586 1379 624 iudicum
1417 594 1484 624 aut

158 649 392 688 iudiciorum
427 653 553 689 facere
587 651 748 689 liceat!'
817 651 925 700 Quid
956 661 1085 701 ageret
1117 651 1173 689 vir
1203 653 1253 689 ad
1288 652 1481 698 virtutem,

157 714 399 765 dignitatem,
432 715 594 765 gloriam
628 723 742 753 natus
777 715 813 753 vi
846 718 1122 754 sceleratorum
1156 716 1361 754 hominum
1394 730 1484 754 con-

157 779 348 825 roborata,
383 779 534 829 legibus
567 779 800 829 iudiciisque
835 780 1026 818 sublatis?
1088 781 1270 820 Cervices
1306 781 1484 819 tribunus

99 863 137 884 10
157 844 282 893 plebis
315 844 475 895 privato,
511 845 865 894 praestantissimus
897 845 953 882 vir
988 845 1301 895 profligatissimo
1334 846 1482 883 homini

156 910 296 948 daret?
324 924 376 948 an
405 924 565 948 causam
595 918 819 960 susceptam
848 910 1079 960 adfligeret?
1109 924 1158 948 an
1190 925 1230 949 se
1257 911 1365 949 domi
1394 925 1485 950 con-

156 975 324 1014 tineret?
372 977 423 1014 Et
444 976 546 1013 vinci
569 984 680 1026 turpe
696 975 847 1026 putavit
869 984 905 1014 et
926 975 1108 1014 deterreri
1125 982 1161 1013 et
1177 977 1273 1013 clam
1292 977 1414 1026 ertpi:
1444 977 1489 1014 id

155 1042 230 1090 egit
246 1048 299 1089 ut,
322 1041 511 1092 quoniam
540 1041 614 1079 sibi
642 1041 682 1079 in
710 1041 819 1078 illum
848 1041 998 1091 legibus
1027 1040 1081 1078 uti
1109 1054 1190 1078 non
1214 1041 1357 1088 liceret,
1382 1041 1482 1079 illius

155 1106 233 1144 vim
267 1120 396 1156 neque
430 1107 470 1144 in
505 1120 577 1144 suo
612 1120 742 1156 neque
776 1106 816 1144 in
850 1106 903 1144 rei
938 1106 1119 1155 publicae
1158 1106 1332 1156 periculo
1371 1106 1483 1157 perti-

98 1186 134 1218 15
157 1179 354 1209 mesceret.

209 1238 301 1284 Quo
323 1238 441 1275 modo
462 1236 576 1286 igitur
592 1237 668 1273 hoc
690 1235 728 1274 in
744 1249 886 1286 genere
902 1236 1069 1286 praesidi
1087 1236 1300 1286 comparati
1321 1250 1480 1275 accusas

155 1301 336 1348 Sestium,
369 1315 459 1340 curn
495 1300 600 1340 idem
633 1302 768 1339 laudes
806 1301 1029 1339 Milonem?
1085 1303 1149 1338 An
1181 1301 1248 1350 qui
1280 1315 1349 1339 sua
1379 1309 1481 1339 tecta

155 1366 342 1413 defendit,
366 1366 433 1416 qui
457 1366 507 1404 ab
535 1366 608 1404 aris
630 1366 726 1403 focis
755 1367 896 1404 ferrum
920 1367 1198 1415 flammamque
1220 1366 1391 1415 depellit,
1415 1367 1481 1415 qui

156 1431 229 1469 sibi
259 1431 374 1470 licere
404 1433 485 1469 vult
515 1438 601 1469 tuto
631 1444 716 1469 esse
746 1431 784 1468 in
815 1432 910 1477 foro,
934 1432 972 1468 in
1003 1432 1162 1480 templo,
1192 1430 1232 1468 in
1262 1430 1377 1477 curia,
1401 1430 1482 1468 iure

96 1510 134 1531 20
155 1495 393 1546 praesidium
425 1503 649 1545 comparat:
690 1495 757 1545 qui
784 1495 1021 1541 vulneribus,
1054 1509 1154 1545 quae
1184 1495 1307 1533 cernit
1337 1494 1482 1533 cotidie

155 1568 239 1599 toto
258 1574 432 1610 corpore,
456 1567 640 1598 monetur
665 1568 707 1598 ut
734 1559 867 1609 aliquo
895 1559 1090 1609 praesidio
1114 1567 1232 1610 caput
1253 1567 1291 1597 et
1312 1559 1480 1598 cervices

154 1634 192 1665 et
213 1626 388 1676 iugulum
409 1640 454 1664 ac
475 1627 594 1664 latera
615 1633 772 1672 tutetur,
796 1627 901 1662 hunc
922 1626 972 1663 de
993 1625 1028 1662 vi
1049 1625 1317 1663 accusandum
1339 1626 1481 1674 putas?

156 1690 254 1739 Quis
294 1690 399 1729 enim
435 1698 624 1737 nostrum,
661 1690 822 1737 iudices,
860 1689 1009 1739 ignorat
1049 1689 1101 1727 ita
1139 1696 1318 1726 naturam
1352 1702 1479 1726 rerum
1503 1703 1541 1736 91

154 1756 287 1794 tulisse
307 1762 350 1794 ut
371 1757 545 1805 quodam
566 1763 744 1805 tempore
765 1754 944 1792 homines
965 1755 1144 1792 nondum
1165 1766 1295 1803 neque
1316 1753 1479 1791 naturali

97 1834 133 1864 25
155 1835 283 1871 neque
308 1821 410 1859 civili
438 1821 519 1859 iure
547 1820 746 1870 descripto
773 1820 846 1858 fusi
875 1833 942 1869 per
971 1833 1082 1869 agros
1110 1833 1155 1857 ac
1182 1819 1346 1869 dispersi
1371 1833 1480 1869 vaga-

154 1896 295 1934 rentur,
320 1895 554 1936 tantumque
581 1887 772 1925 haberent
799 1894 991 1935 quantum
1020 1899 1138 1922 manu
1168 1898 1213 1922 ac
1239 1884 1384 1923 viribus
1414 1899 1481 1935 per

154 1953 316 1991 caedem
336 1966 383 1990 ac
403 1953 564 1990 vulnera
584 1960 650 1990 aut
671 1951 819 2001 eripere
839 1959 906 1988 aut
926 1950 1091 1988 retinere
1113 1949 1361 1999 potuissent?
1399 1951 1480 1999 Qui

154 2017 268 2066 igitur
292 2017 405 2067 primi
426 2018 566 2055 virtute
591 2024 628 2055 et
655 2016 821 2055 consilio
849 2015 1059 2066 praestanti
1088 2015 1327 2061 exstiterunt,
1353 2015 1376 2052 ii
1399 2029 1479 2065 per-

1501 1213 1555 1249 42

1502 1273 1546 1304 90

203 2131 215 2150 1
243 2120 274 2150 id
293 2131 367 2150 eum
386 2131 540 2159 umquam
559 2119 679 2150 Lamb.
699 2120 732 2150 in
752 2130 817 2159 mg.
844 2120 921 2156 1581
939 2130 944 2149 :
972 2118 1002 2147 id
1027 2117 1168 2157 e'u‘quam
1186 2118 1227 2148 P¹
1244 2130 1249 2149 :
1276 2119 1307 2149 id
1326 2128 1481 2157 umquam

154 2163 200 2193 P²
216 2163 279 2194 rell.
382 2174 415 2194 11
444 2164 618 2202 adfligeret
636 2163 743 2194 codd.:
771 2163 918 2193 abiceret
937 2161 1111 2200 Ruhnken,
1134 2160 1292 2192 Momms.
1388 2172 1424 2190 12
1449 2167 1482 2191 et

154 2206 239 2236 clam
257 2207 364 2246 eripi:
389 2208 420 2237 id
443 2208 513 2245 egit
538 2212 571 2237 ut
595 2207 729 2246 scripsi:
757 2207 853 2236 etiam
874 2206 1005 2244 eripere
1029 2205 1108 2235 eicit
1129 2205 1247 2244 (elegit
1267 2205 1308 2235 Gi
1331 2210 1364 2234 ut
1384 2204 1482 2235 1³¹6:

155 2251 254 2280 etiarn
273 2250 357 2289 eripi
376 2250 493 2281 reeicit
510 2255 544 2280 ut
563 2250 606 2280 P2
623 2250 686 2279 rell.
706 2262 712 2279 :
737 2254 770 2279 et
786 2250 892 2280 latere
913 2249 1100 2287 (lamentari
1118 2248 1250 2287 Hcrlz).
1288 2248 1429 2278 Perfecit
1447 2254 1482 2278 ut

155 2292 267 2325 Madv.
285 2306 291 2324 :
322 2298 355 2323 et
372 2294 455 2324 clam
473 2304 509 2324 se
527 2294 660 2332 eripere
684 2294 729 2323 ita
748 2298 782 2323 ut
803 2292 938 2322 Ocltler:
968 2292 1012 2323 ita
1029 2303 1047 2322 e
1065 2302 1099 2322 re
1119 2302 1148 2330 p.
1170 2291 1246 2321 fecit
1264 2296 1299 2320 ut
1319 2294 1395 2329 (aut
1410 2302 1427 2320 e
1445 2301 1481 2321 re

155 2346 186 2375 p.
203 2337 236 2366 id
249 2337 318 2376 egit
332 2338 380 2376 ut>
396 2336 546 2368 Rt'clzler:
571 2337 649 2377 <s)<:t
668 2347 761 2366 amor
776 2347 800 2367 r.
816 2347 846 2375 p.
863 2336 1002 2375 perfecit
1018 2341 1053 2365 ut
1067 2335 1182 2365 Novak
1198 2347 1202 2364 :
1227 2340 1259 2365 et
1277 2335 1343 2372 tegi
1362 2335 1459 2364 ianua
1475 2346 1481 2364 z

153 2388 284 2410 manum
304 2391 416 2411 emere
432 2386 465 2411 et
483 2391 601 2419 parare
619 2381 730 2419 coepit
749 2385 783 2410 ut
801 2378 985 2419 Landgraf
995 2379 1047 2417 (cf.
1063 2378 1137 2408 Val.
1155 2382 1169 2415 ξ
1185 2388 1225 2407 22
1240 2389 1246 2415 ;
1271 2378 1302 2406 in
1317 2377 1393 2407 Srn.
1411 2380 1425 2414 §
1440 2389 1458 2415 4
1473 2389 1479 2415 ;

154 2422 199 2452 ad
210 2424 301 2462 Quin
320 2426 334 2460 ξ
352 2426 402 2462 14)
505 2426 541 2454 16
566 2424 707 2463 praesid.
724 2433 869 2462 compar.
886 2423 952 2453 secl.
969 2422 1128 2462 Pluygers
1222 2432 1261 2459 23
1284 2427 1430 2451 vestrum
1445 2421 1481 2451 ks

197 2489 260 2509 Cic.
282 2488 349 2509 pao
367 2488 454 2510 szsr.
1355 2477 1392 2505 12
