1774 2782
144 533 160 564 5

123 859 162 880 10

120 1507 158 1528 20

519 145 628 184 PRO
660 146 700 182 P.
731 145 924 183 SESTIO
955 144 1170 183 ORATIO
1453 145 1591 191 64133

185 254 344 300 iudices,
377 268 619 304 numquam3
649 267 777 304 neque
803 254 946 304 putavi,
979 268 1069 292 cum
1100 255 1286 293 omnibus
1318 256 1507 294 machinis

181 332 226 357 ac
253 320 467 366 tormentis,
489 320 536 366 vi,
565 319 746 366 exercitu,
776 320 899 370 copiis
929 333 1186 369 oppugnarer,
1209 322 1259 359 de
1287 335 1367 358 uno
1397 321 1508 370 sagit-

182 384 278 421 tario
318 397 381 422 me
419 383 528 434 queri
566 384 788 422 convenire.
852 387 952 422 Acta
986 397 1074 422 mea
1104 385 1178 423 sibi
1207 385 1259 423 ait
1289 385 1503 435 displicere.

182 449 282 497 Quis
311 449 466 488 nescit?
505 449 572 499 qui
607 450 733 498 legem
769 462 897 487 meam
933 458 1172 496 contemnat,
1208 463 1307 499 quae
1335 450 1506 488 dilucide

181 522 284 553 vetat
308 515 541 565 gladiatores
568 514 731 553 biennio
759 528 839 564 quo
864 515 950 564 quis
976 515 1130 565 petierit
1157 523 1223 553 aut
1248 516 1436 565 petiturus
1457 516 1505 554 sit

181 581 283 618 dare.
347 582 394 618 In
424 594 503 631 quo
534 580 616 618 eius
647 580 908 618 temeritatem
938 579 1030 617 satis
1061 580 1199 627 mirari,
1232 580 1392 627 iudices,
1424 593 1505 618 non
1533 594 1590 625 ¹34

180 658 294 694 queo.
355 645 462 684 Facit
491 645 734 695 apertissime
763 654 900 683 contra
926 646 1077 695 legem3
1107 645 1196 683 facit
1223 645 1254 682 is
1282 645 1348 694 qui
1376 659 1505 695 neque

179 710 282 747 elabi
309 723 354 749 ex
381 710 527 748 iudicio
554 709 798 748 iucunditate
826 723 895 747 sua
920 723 1049 759 neque
1076 709 1199 748 emitti
1224 710 1343 760 gratia
1364 717 1503 760 potest,

180 787 309 824 neque
330 775 470 824 opibus
492 782 529 813 et
549 774 725 824 potentia
745 776 849 824 leges
866 788 911 812 ac
928 774 1071 813 iudicia
1087 775 1331 825 perfringere.
1392 777 1506 824 Quae

181 853 240 878 res
270 840 472 878 hominem
502 840 666 890 impellit
696 848 738 877 ut
772 840 820 877 sit
854 848 934 878 tam
970 839 1234 889 intemperans
1280 840 1351 878 iste
1386 840 1506 878 nimia

179 904 323 954 gloriae
355 905 601 954 cupiditate?
658 904 862 942 Familiam
897 904 1177 954 gladiatoriam,
1207 906 1340 953 credo,
1367 912 1505 942 nactus

180 977 237 1008 est
254 970 484 1019 speciosam,
500 970 684 1017 nobilem,
704 970 912 1019 gloriosam
930 984 940 1017 3
970 978 1081 1007 norat
1095 970 1224 1008 studia
1240 970 1386 1020 populi,
1402 970 1506 1008 vide-

179 1035 246 1073 bat
261 1037 450 1074 clamores
467 1044 504 1074 et
522 1049 736 1074 concursus
754 1037 916 1074 futuros.
968 1038 1057 1074 Hac
1075 1036 1367 1086 exspectatione
1381 1038 1505 1074 elatus

179 1101 300 1139 homo
321 1101 486 1150 flagrans
510 1100 726 1150 cupiditate
749 1101 895 1150 gloriae
922 1108 1055 1139 tenere
1083 1114 1123 1139 se
1151 1114 1231 1139 non
1256 1101 1382 1150 potuit
1410 1101 1504 1150 quin

179 1177 247 1202 eos
270 1164 503 1214 gladiatores
530 1165 744 1212 induceret,
768 1179 935 1215 quorum
967 1173 1069 1203 esset
1096 1165 1178 1214 ipse
1205 1165 1500 1214 pulcherrimus.

179 1229 218 1267 Si
239 1229 291 1267 ob
312 1243 392 1267 eam
413 1243 571 1268 causam
589 1237 779 1280 peccaret,
799 1244 869 1280 pro
886 1230 1031 1268 recenti
1052 1230 1187 1280 populi
1210 1230 1381 1267 Romani
1403 1230 1440 1267 in
1463 1243 1504 1267 se

178 1294 372 1332 beneficio
399 1294 575 1344 populari
612 1295 743 1333 studio
773 1297 907 1342 elatus,
939 1303 1071 1333 tamen
1107 1295 1323 1344 ignosceret
1358 1308 1502 1332 nemo:

177 1372 267 1396 cum
288 1372 379 1397 vero
399 1373 450 1398 ne
473 1360 523 1397 de
549 1359 752 1398 venalibus
783 1359 944 1409 quidem
973 1359 1152 1398 homines
1180 1361 1337 1407 electos,
1361 1361 1431 1397 sed
1458 1373 1504 1397 ex

177 1425 377 1474 ergastulis
407 1433 561 1474 emptos
591 1425 819 1463 nominibus
848 1425 1087 1475 gladiatoriis
1118 1425 1273 1472 ornarit,
1299 1433 1337 1463 et
1367 1425 1505 1463 sortito

177 1489 273 1527 alios
294 1490 479 1528 Samnitis
499 1490 596 1528 alios
616 1498 891 1539 provocatores
913 1490 1057 1537 fecerit,
1081 1497 1188 1528 tanta
1209 1490 1376 1537 licentia,
1397 1498 1504 1528 tanta

177 1555 306 1604 legum
327 1554 571 1604 contemptio
591 1567 726 1593 nonne
747 1568 866 1605 quem
887 1555 1067 1593 habitura
1088 1555 1136 1592 sit
1157 1555 1303 1593 exitum
1324 1555 1503 1605 pertime-

177 1618 277 1656 scit?
334 1619 411 1657 Sed
438 1619 557 1657 habet
590 1619 841 1657 defensiones
872 1620 993 1658 duas:
1029 1620 1198 1669 primum
1233 1621 1334 1666 ‘do‚’
1363 1619 1500 1669 inquit,
1550 1639 1587 1668 ς-

1057 1686 1064 1701 7

179 1687 186 1703 ‘
204 1684 405 1722 bestiarios
422 1700 429 1722 ;
460 1685 520 1721 lex
536 1683 678 1733 scripta
693 1685 743 1722 de
759 1684 1048 1734 gladiatoribus.
1106 1684 1258 1722 Festive
1277 1687 1284 1721 l
1326 1684 1503 1733 Accipite

176 1749 325 1799 aliquid
346 1749 463 1787 etiam
484 1748 646 1786 acutius
709 1748 826 1786 Dicet
851 1762 891 1787 se
917 1762 996 1786 non
1020 1748 1264 1798 gladiatores,
1289 1749 1357 1786 sed
1379 1762 1501 1786 unum

176 1814 430 1864 gladiatorem
451 1815 544 1852 dare
565 1821 602 1852 et
623 1821 745 1851 totam
767 1813 1006 1851 aedilitatem
1024 1813 1063 1850 in
1080 1826 1222 1851 munus
1243 1814 1319 1851 hoc
1339 1821 1502 1851 transtu-

177 1879 276 1917 lisse.
319 1881 520 1917 Praeclara
532 1878 732 1917 aedilitas!
759 1892 860 1916 unus
875 1879 947 1925 leo,
967 1877 1127 1916 ducenti
1140 1877 1322 1916 bestiarii.
1354 1880 1501 1916 Verum

176 1953 305 1982 utatur
334 1946 408 1982 hac
437 1944 692 1983 defensione:
723 1943 841 1992 cupio
870 1957 960 1981 eum
991 1956 1082 1981 suae
1108 1955 1249 1980 causae
1279 1944 1501 1990 confidere3

177 2011 274 2047 solet
290 2009 395 2048 enim
409 2009 587 2047 tribunos
601 2008 726 2059 plebis
747 2009 943 2057 appellare
959 2015 996 2045 et
1013 2007 1047 2044 vi
1065 2006 1252 2044 iudicium
1271 2007 1497 2054 disturbare,

219 2123 238 2152 5
278 2114 413 2153 petierit
447 2119 503 2144 aut
539 2114 605 2143 scel.
641 2113 771 2143 llffadsnz
809 2118 903 2152 petat
936 2118 992 2143 ant
1027 2112 1281 2151 Pantagathus3
1319 2111 1387 2142 l’at.
1423 2114 1503 2151 §37

179 2167 218 2186 10
243 2157 329 2188 iste.
349 2181 357 2188 .
378 2181 385 2188 .
406 2158 589 2196 cupiditate
616 2157 672 2188 del.
701 2157 827 2194 Madv„
858 2156 974 2187 Halm.
1026 2156 1083 2185 Est
1114 2156 1203 2185 enim
1234 2156 1334 2185 nimia
1359 2155 1400 2193 gl.
1428 2166 1502 2194 cnp.

171 2200 250 2240 Jcep
396 2202 434 2230 16
465 2211 536 2230 eam
562 2200 668 2240 suppl.
695 2200 742 2230 cd.
768 2200 902 2230 Ascens.
936 2209 1013 2237 1531
1119 2204 1273 2238 peccaret
1299 2209 1359 2237 pro
1387 2198 1503 2229 Orrlli:

177 2254 268 2282 pecc.
297 2248 329 2274 et
358 2254 419 2282 pro
448 2243 535 2274 codd.
672 2253 709 2272 21
746 2244 953 2281 contemptio
981 2253 1094 2272 nonne
1121 2253 1218 2281 quem
1263 2244 1280 2271 ᾗ
1303 2248 1427 2280 neque*
1454 2242 1502 2272 G:

176 2287 382 2326 contemptio
403 2297 446 2317 ne
472 2297 535 2316 non
558 2297 655 2325 quem
687 2286 730 2315 Ι)2
755 2287 819 2317 rell.
840 2290 969 2325 praeter
984 2285 1038 2323 P1,
1066 2285 1350 2324 contemptionem
1378 2285 1447 2315 flia.
1471 2295 1502 2315 m

175 2332 339 2370 expunct.)
363 2340 429 2360 non
453 2340 562 2368 neque
584 2340 682 2368 quem
729 2339 835 2367 neque
859 2329 1019 2369 expromt.)
1040 2341 1046 2359 z
1079 2329 1289 2367 contemptio
1316 2338 1380 2357 non
1403 2338 1502 2366 quem

178 2374 315 2405 GamL:
345 2373 550 2413 contemptio
575 2373 814 2411 hominumque
840 2383 906 2402 non
932 2372 1024 2402 Paul
1157 2382 1196 2410 23
1232 2377 1281 2401 cst
1307 2372 1429 2410 scripta
1454 2371 1499 2402 ed.

175 2417 312 2448 Ascens.
333 2427 409 2455 1531
