1774 2782
261 143 284 178 8

245 717 283 738 20

242 1498 274 1518 ΔΙ

310 158 346 187 19
662 143 718 179 M.
750 142 916 178 TVLLI
949 141 1254 180 cicERONis

305 265 384 289 rem
408 251 646 298 fortitudine,
669 251 926 289 temeritatem
953 251 1126 298 consilio,
1151 265 1311 289 manum
1339 250 1473 300 copiiS,
1498 250 1573 287 vim
1597 249 1632 287 vi

304 328 401 354 esse·
419 316 691 364 superandam,
719 315 845 364 primo
873 316 923 353 de
946 317 982 353 vi
1013 316 1248 365 postulavit3
1276 322 1411 366 postea
1434 328 1551 364 quam
1582 315 1633 352 ab

304 381 444 417 eodem
481 379 625 417 iudicia
657 379 811 416 sublata
842 392 927 417 esse
956 379 1064 426 vidit,
1096 394 1144 417 ne
1179 380 1242 418 ille
1274 380 1406 418 omnia
1436 381 1470 417 vi
1502 387 1633 429 posset

304 445 455 482 efficere
472 445 644 492 curavit3
674 443 740 493 qui
758 444 893 482 docuit
914 456 1043 493 neque
1064 452 1165 482 tecta
1187 458 1316 494 neque
1337 446 1484 494 templa
1505 457 1633 494 neque

304 511 428 547 sorum
451 523 524 547 nec
545 509 691 547 curiam
721 510 804 547 sine
831 523 986 547 summa
1006 509 1145 547 virtute
1166 523 1211 547 ac
1234 509 1411 547 maximis
1433 509 1574 559 opibus
1596 517 1632 546 et

303 574 425 625 copiis
445 575 494 613 ab
512 574 698 612 intestino
716 573 920 612 latrocinio
942 587 1057 624 posse
1073 574 1256 621 defendi;
1288 574 1354 624 qui
1377 574 1524 624 primus
1545 582 1633 624 post

304 653 435 678 meum
466 640 681 678 discessum
713 647 862 678 metum
895 640 1019 685 bonis,
1052 653 1160 689 spem
1191 639 1419 686 audacibus,
1452 640 1631 677 timorem

303 706 393 742 huic
410 704 548 751 ordini,
568 704 792 742 servitutem
816 704 965 753 depulit
987 704 1143 742 civitati.
1191 706 1321 753 Quam
1344 704 1533 742 rationem
1552 704 1632 754 pari

303 770 443 808 virtute
474 770 607 808 animo
641 770 718 808 side
750 771 790 807 P.
815 769 962 807 Sestius
993 777 1149 807 secutus
1180 783 1249 819 pro
1279 783 1367 808 mea
1398 771 1532 816 salute,
1563 783 1633 819 pro

301 843 426 874 vestra
452 834 693 881 auctoritate,
717 848 787 884 pro
815 842 917 872 statu
946 834 1110 872 civitatis
1137 836 1263 872 nullas
1293 835 1365 872 sibi
1396 834 1629 881 inimicitias,

301 902 447 938 nullam
477 900 567 947 vim,
594 901 723 938 nullos
753 899 933 949 impetus,
967 901 1117 937 nullum
1145 899 1246 938 vitae
1275 900 1485 938 discrimen
1513 899 1632 937 vitan-

300 967 395 1004 dum
435 979 623 1015 umquam
664 965 842 1015 putavit3
885 964 950 1015 qui
991 978 1147 1002 causam
1189 972 1357 1011 senatus,
1400 964 1630 1014 exagitatam

300 1030 551 1069 contionibus
573 1030 854 1080 improborum,
879 1029 933 1067 sic
955 1043 1023 1067 sua
1045 1029 1245 1079 diligentia
1266 1028 1506 1067 multitudini
1529 1043 1632 1067 com-

302 1095 501 1133 mendavit
522 1102 563 1132 ut
586 1094 681 1132 nihil
704 1103 783 1132 tam
805 1095 992 1143 populare
1014 1107 1131 1144 quam
1153 1101 1323 1132 vestrum
1352 1106 1510 1140 nomen,
1534 1093 1630 1131 nihil

301 1168 377 1197 tam
406 1160 591 1198 omnibus
618 1173 751 1197 carum
779 1160 992 1209 aliquando
1014 1173 1130 1209 quam
1152 1167 1278 1197 vestra
1298 1159 1507 1197 auctoritas
1528 1159 1631 1197 vide-

303 1233 427 1273 retur3
456 1224 521 1275 qui
554 1238 616 1263 me
645 1238 734 1262 cum
766 1224 951 1262 omnibus
981 1224 1097 1262 rebus
1122 1224 1265 1274 quibus
1294 1225 1474 1262 tribunus
1504 1224 1630 1274 plebis

301 1290 426 1340 potuit
466 1291 652 1336 defendit,
695 1297 777 1327 tum
825 1289 982 1339 reliquis
1022 1289 1168 1336 officiis,
1211 1290 1316 1328 iuxta
1353 1303 1399 1327 ac
1446 1289 1475 1327 si
1519 1303 1630 1329 meus

300 1357 414 1394 frater
434 1362 545 1402 esset,
565 1355 820 1402 sustentavit3
850 1354 959 1392 cuius
977 1368 1049 1404 ego
1063 1354 1281 1402 clientibus,
1297 1354 1455 1401 libertis,
1472 1355 1628 1404 familia,

299 1420 433 1470 copiis,
455 1420 590 1458 litteris
618 1420 671 1458 ita
702 1434 787 1457 sum
817 1427 1055 1458 sustentatus
1083 1427 1125 1457 ut
1151 1433 1263 1458 meae
1290 1419 1521 1459 calamitatis
1549 1435 1629 1459 non

299 1486 454 1523 adiutor
488 1487 627 1531 solum,
659 1499 791 1523 verum
828 1484 944 1523 etiarn
981 1484 1109 1522 socius
1138 1486 1344 1523 videretur.
1406 1486 1490 1523 Iam
1524 1494 1628 1524 cete-

301 1564 430 1588 rorum
445 1552 572 1588 officia
585 1564 630 1587 ac
641 1550 769 1588 studia
784 1549 945 1597 vidistis,
962 1564 1079 1600 quam
1095 1549 1262 1599 cupidus
1277 1550 1352 1588 mei
1369 1550 1412 1589 C.
1430 1550 1626 1598 Cestilius,

300 1629 417 1665 quam
436 1616 633 1653 studiosus
648 1615 773 1661 vestri,
790 1629 908 1665 quam
927 1629 1006 1653 non
1024 1615 1150 1653 varius
1167 1615 1279 1653 fuerit
1297 1615 1335 1653 in
1350 1629 1477 1654 causa.
1521 1615 1629 1664 Quid

301 1682 357 1718 M.
381 1680 568 1730 Cispius?
608 1680 669 1718 cui
693 1694 765 1730 ego
787 1680 857 1730 ipsi
881 1680 1030 1729 parenti
1053 1680 1236 1730 fratrique
1257 1680 1340 1718 eius
1362 1680 1487 1719 sentio
1511 1694 1630 1730 quan-

299 1753 381 1783 tum
415 1746 608 1792 debeam3
651 1745 728 1795 qui,
761 1759 850 1783 cum
883 1759 904 1783 a
937 1758 999 1783 me
1028 1746 1208 1783 voluntas
1240 1758 1375 1783 eorum
1408 1745 1446 1783 in
1479 1745 1629 1795 privato

299 1810 445 1848 iudicio
475 1818 575 1848 esset
606 1811 765 1857 offensa,
797 1809 943 1860 publici
980 1811 1054 1847 mei
1092 1810 1259 1848 benefici
1291 1812 1479 1848 memoria
1507 1811 1628 1860 priva-

299 1883 378 1913 tam
406 1875 664 1913 offensionem
690 1875 1022 1913 oblitteraverunt.
1083 1876 1166 1913 Iam
1189 1877 1235 1913 T.
1260 1875 1416 1922 Fadius,
1440 1875 1505 1925 qui
1532 1874 1627 1914 mihi

299 1948 481 1990 quaestor
502 1940 583 1986 suit,
604 1942 660 1977 M.
681 1940 849 1986 Curtius,
870 1941 979 1978 cuius
1001 1953 1074 1989 ego
1094 1939 1189 1989 patri
1209 1947 1392 1989 quaestor
1413 1939 1478 1986 fui,
1497 1939 1628 1978 studio

298 2019 430 2043 amore
457 2007 590 2043 animo
618 2005 709 2043 huic
737 2005 1017 2043 necessitudini
1043 2019 1121 2043 non
1149 2007 1368 2044 defuerunt.
1428 2006 1556 2043 Multa
1577 2007 1627 2044 de

299 2084 362 2108 me
392 2072 434 2109 C.
469 2070 639 2108 Messius
676 2078 711 2108 et
747 2070 940 2108 amicitiae
976 2078 1013 2108 et
1048 2072 1099 2108 rei
1140 2071 1321 2120 publicae
1356 2083 1472 2108 causa
1506 2070 1624 2108 dixit:

298 2200 381 2238 cius
413 2201 454 2247 si,
487 2213 588 2250 quae
617 2201 667 2238 de
701 2214 762 2238 me
797 2213 910 2250 agere
940 2209 1104 2239 conatus
1134 2209 1203 2248 est,
1236 2214 1281 2239 ea
1310 2209 1446 2239 contra
1474 2202 1551 2239 vim
1587 2208 1625 2238 et

345 2315 358 2334 1
387 2305 468 2335 coiis
486 2304 525 2341 P,
544 2315 608 2336 om.
629 2304 679 2334 Bb
697 2307 843 2343 (manum
863 2316 962 2335 mauu
988 2305 1090 2345 Hbff>
1188 2315 1207 2344 5
1233 2316 1343 2344 neque
1360 2316 1376 2336 c
1446 2316 1462 2344 7
1481 2315 1574 2344 spem
1590 2316 1624 2335 c:

300 2354 352 2379 set
363 2348 405 2378 P¹
424 2360 430 2378 ι
456 2354 488 2379 et
499 2347 585 2377 P2H
599 2348 716 2388 etplcr.
837 2360 875 2379 21
896 2360 933 2379 ac
951 2350 1056 2389 suppl.
1076 2348 1183 2379 Halm
1201 2361 1208 2380 ε
1228 2349 1433 2388 studiaquek
1451 2352 1480 2379 et
1493 2348 1540 2380 ed.
1556 2349 1599 2380 R.
1618 2360 1625 2379 z

302 2392 440 2432 [studia]
459 2392 561 2431 Kays.
662 2402 702 2430 23
729 2393 772 2424 M.
795 2393 929 2432 Cispius
945 2403 976 2423 ee
995 2392 1092 2431 (sest.
1116 2396 1130 2430 ξ
1150 2393 1204 2431 76)
1220 2404 1225 2423 :
1254 2393 1402 2432 mospius
1418 2392 1487 2422 PH
1584 2402 1624 2430 24

300 2446 318 2466 a
335 2435 401 2476 me]
421 2446 495 2466 mea
514 2435 562 2466 G:
589 2436 668 2466 mihi
688 2436 742 2465 Ils
874 2446 917 2475 30
939 2436 1100 2476 speratim
1119 2435 1204 2466 PB:
1231 2436 1403 2475 speciatim
1425 2434 1523 2466 Gb²ks

1655 519 1671 549 5

1654 847 1691 868 10

1653 1173 1689 1205 ¹5

1651 1498 1689 1519 20

1649 1818 1689 1850 25

263 2150 275 2169 2
298 2137 423 2185 legem
441 2135 646 2185 separatim
669 2135 780 2173 initio
796 2137 845 2174 de
862 2138 985 2173 salute
1003 2149 1090 2174 mea
1111 2135 1379 2186 promulgavit.
1427 2138 1476 2185 Q
1495 2135 1624 2173 Fabri·
1644 2144 1687 2175 30
