1774 2782
135 541 151 572 5

272 158 346 194 DE
378 157 543 195 DOMO
575 157 677 194 SVA
708 157 783 192 AD
818 156 1150 194 PONTIFICES
1182 155 1398 193 ORATIO
1469 165 1496 200 9

173 266 386 303 litterarum
408 265 635 303 recitatione
657 267 895 314 patefactum
917 273 984 303 est.
1026 267 1103 304 Sed
1125 265 1264 303 omitto
1291 267 1495 311 Catonem,

174 331 283 368 cuius
315 330 454 368 eximia
481 332 610 376 virtus,
645 329 823 379 dignitas,
855 338 891 368 et
914 329 952 367 in
981 344 1028 367 eo
1056 329 1214 379 negotio
1245 331 1352 379 quod
1383 329 1498 379 gessit

176 396 271 432 fides
300 403 336 432 et
366 395 606 433 continentia
637 403 764 444 tegere
794 395 988 433 videretur
1018 394 1307 444 improbitatem
1339 402 1375 432 et
1406 394 1499 443 legis

174 468 210 497 et
231 460 395 497 actionis
418 468 529 498 tuae:
561 460 685 509 quid?
726 459 874 497 homini
902 467 988 509 post
1017 459 1196 497 homines
1225 467 1336 496 natos
1363 459 1498 507 turpis*

174 524 286 571 simo,
317 525 624 572 sceleratissimo,
657 524 1034 563 contaminatissimo
1070 524 1155 574 quis
1191 526 1295 561 illam
1326 524 1498 573 opimam

173 590 418 638 fertilemque
440 590 598 639 Syriam,
623 590 708 639 quis
738 590 884 628 bellum
912 602 993 626 cum
1018 588 1276 639 pacatissimis
1303 588 1496 637 gentibus,

131 657 134 659 ’
173 655 258 705 quis
287 656 493 705 pecuniam
516 658 564 694 ad
593 658 783 694 emendos
810 669 922 705 agros
954 655 1218 701 constitutam,
1253 662 1424 703 ereptam
1453 668 1498 691 ex

116 866 155 887 10

115 1190 152 1222 15

116 1515 154 1535 20

113 2162 155 2193 30

172 720 383 758 visceribus
406 721 535 767 aerari,
563 721 649 770 quis
678 721 883 771 imperium
911 720 1107 758 infinitum
1133 720 1273 758 dedit?
1322 719 1396 758 Cui
1419 719 1499 768 qui-

173 787 263 823 dem
285 799 374 822 cum
398 785 575 823 Ciliciam
605 786 791 832 dedisses,
823 785 981 823 mutasti
1009 785 1231 834 pactionem
1261 791 1297 821 et
1320 783 1498 822 Ciliciam

173 852 222 888 ad
245 858 461 899 praetorem
485 850 576 888 item
605 858 710 888 extra
738 851 916 888 ordinem
939 849 1165 887 transtulisti
1187 865 1192 887 :
1226 847 1399 886 Gabinio
1419 861 1498 897 pre-

174 914 226 952 tio
249 915 488 963 amplificato
516 914 663 964 Syriam
692 914 925 952 nominatim
952 914 1106 952 dedisti.
1168 914 1307 961 Quid?
1349 913 1499 950 homini

173 980 404 1024 taeterrimo,
424 979 706 1025 crudelissimo,
727 978 986 1025 fallacissimO,
1007 978 1184 1016 omnium
1207 979 1395 1015 scelerum
1419 978 1500 1015 libi-

173 1044 390 1093 dinumque
413 1046 574 1081 maculis
595 1044 852 1091 notatissimo,
878 1046 920 1081 L.
946 1044 1089 1088 Pisoni,
1114 1057 1245 1081 nonne
1267 1043 1499 1081 nominatim

173 1111 339 1158 populos
362 1109 514 1157 liberos,
539 1109 670 1148 multis
691 1118 848 1148 senatus
871 1110 1070 1156 consultis,
1101 1109 1217 1147 etiam
1246 1108 1390 1147 recenti
1416 1110 1500 1158 lege

172 1174 302 1223 generi
344 1174 464 1224 ipsius
504 1176 699 1222 liberatos,
739 1177 891 1213 vinctos
931 1184 968 1213 et
1008 1177 1239 1213 constrictos
1279 1175 1500 1212 tradidisti?

174 1240 330 1286 Nonne,
355 1254 445 1278 cum
467 1241 516 1278 ab
545 1255 592 1279 eo
621 1255 769 1279 merces
798 1241 853 1279 tui
879 1241 1045 1279 benefici
1074 1241 1322 1290 pretiumque
1350 1240 1499 1290 provin-

172 1304 256 1341 ciae
286 1317 377 1342 meo
406 1306 595 1355 sanguine
625 1306 694 1343 tibi
725 1315 826 1344 esset
856 1308 1109 1356 persolutum,
1142 1315 1274 1344 tamen
1309 1306 1497 1344 aerarium

173 1382 261 1406 cum
284 1383 332 1407 eo
362 1370 524 1419 partitus
549 1372 619 1409 es?
668 1373 781 1409 Itane
802 1373 926 1409 vero?
969 1378 1010 1408 tu
1032 1370 1250 1419 provincias
1272 1370 1496 1417 consularis,

173 1448 270 1483 quas
300 1436 345 1474 C.
379 1437 591 1484 Gracchus,
629 1436 697 1487 qui
730 1451 832 1474 unus
865 1436 1034 1474 maxime
1067 1436 1265 1485 popularis
1301 1436 1381 1483 fuit,
1420 1450 1498 1473 non

174 1499 295 1536 modo
316 1513 397 1537 non
417 1500 577 1539 abstulit
598 1515 621 1538 a
642 1510 790 1549 senatu,
811 1503 879 1539 sed
902 1500 1019 1539 etiam
1041 1508 1084 1539 ut
1104 1514 1263 1538 necesse
1285 1509 1385 1538 esset
1407 1514 1499 1550 quo-

173 1566 302 1602 tannis
320 1566 504 1604 constitui
527 1581 594 1616 per
616 1575 795 1605 senatum
817 1569 901 1617 lege
923 1567 1059 1613 sanxit,
1078 1580 1142 1604 eas
1164 1568 1247 1616 lege
1269 1568 1499 1616 Sempronia

173 1644 240 1680 per
272 1640 452 1670 senatum
484 1634 660 1671 decretas
696 1633 896 1680 rescidisti,
935 1642 1041 1671 extra
1075 1632 1253 1670 ordinem
1284 1632 1367 1670 sine
1399 1640 1500 1669 sorte

173 1697 406 1734 nominatim
424 1698 567 1735 dedisti
588 1712 667 1736 non
685 1698 924 1744 consulibus,
943 1699 1012 1736 sed
1030 1699 1081 1736 rei
1104 1697 1284 1747 publicae
1300 1697 1475 1746 pestibus
1494 1713 1499 1734 :

175 1776 257 1809 nos,
289 1763 398 1812 quod
432 1764 665 1801 nominatim
696 1764 749 1801 rei
780 1763 972 1801 maximae
1002 1776 1128 1813 paene
1163 1762 1238 1800 iam
1273 1763 1500 1811 desperatae

175 1841 372 1865 summum
402 1828 527 1865 virum
558 1841 673 1878 saepe
702 1830 752 1867 ad
783 1837 954 1867 extrema
983 1828 1036 1866 rei
1066 1828 1246 1878 publicae
1276 1826 1501 1865 discrimina

174 1893 371 1930 delectum
393 1893 661 1942 praefecimus,
685 1908 707 1931 a
728 1903 765 1932 te
786 1895 1149 1943 reprehendemur?
1181 1892 1288 1941 Quid
1309 1893 1468 1930 tandem
1486 1893 1501 1928 ?

175 1956 203 1993 si
226 1971 326 2006 quae
347 1966 432 1996 tum
451 1957 490 1995 in
514 1957 586 1996 illis
608 1959 661 1996 rei
689 1958 869 2008 publicae
897 1959 1067 1996 tenebris
1098 1957 1304 2006 caecisque
1329 1955 1500 1994 nubibus

174 2029 211 2058 et
230 2022 419 2070 procellis,
438 2036 527 2060 cum
546 2031 725 2060 senatum
742 2037 764 2060 a
780 2023 1054 2072 gubernaculis
1071 2022 1291 2068 deiecisses‚
1310 2023 1499 2071 populum

175 2098 196 2122 e
223 2086 311 2122 navi
339 2087 595 2133 exturbasses,
625 2088 707 2136 ipse
735 2087 967 2137 archipirata
994 2100 1083 2124 cum
1114 2100 1227 2136 grege
1255 2088 1498 2135 praedonum

176 2149 439 2199 impurissimo
469 2151 704 2201 plenissimis
730 2153 823 2190 velis
854 2151 1141 2202 navigaresflsi
1171 2164 1271 2200 quae
1302 2159 1384 2188 tum
1417 2165 1499 2200 pro-

219 2268 236 2294 4
265 2257 343 2295 quid
362 2256 409 2286 b‘2t
426 2257 480 2287 all.
499 2269 504 2288 :
531 2258 620 2296 quod
639 2257 727 2287 codd.
743 2258 826 2297 pler.
941 2258 961 2286 6
986 2267 1059 2287 cum
1079 2255 1155 2286 add.
1181 2255 1373 2294 lVesmffimg
1478 2255 1497 2283 8

176 2299 363 2329 visceribus
380 2301 499 2330 aerarii
517 2301 642 2339 Savels,
663 2301 776 2331 Madv.
796 2303 828 2340 (ξ
846 2300 918 2338 ι24ᾞ
938 2312 945 2330 :
969 2301 999 2329 vi
1018 2299 1174 2329 Caesaris
1188 2298 1286 2328 rebus
1299 2299 1382 2328 actis
1396 2296 1495 2327 codd:

177 2343 227 2372 sui
258 2342 330 2379 »Gai
343 2343 467 2381 Halm)
487 2344 645 2375 Caesaris
662 2344 762 2374 rebus
779 2344 862 2374 actis
879 2343 1029 2373 Niebuhr
1174 2351 1209 2379 15
1235 2341 1348 2380 generi
1374 2340 1496 2370 Robor-

176 2386 289 2415 tellus:
313 2387 422 2416 soceri
441 2386 528 2418 codd.
621 2397 657 2416 21
686 2387 760 2424 lege
777 2386 914 2418 Hotom.
931 2400 936 2417 :
957 2387 1091 2416 decreta
1108 2385 1183 2423 lege
1202 2384 1288 2414 codd.
1310 2401 1317 2421 χ
1326 2395 1385 2423 per
1402 2395 1495 2414 sena-

177 2436 243 2459 tum
263 2430 415 2460 decretas
432 2429 545 2471 Lange
562 2442 568 2460 :
593 2441 652 2470 per
669 2435 806 2460 senatus
825 2431 961 2460 decreta
979 2430 1091 2467 Klotz)

1519 170 1555 190 22

1522 279 1559 308 23

1521 1391 1561 1422 24

1522 1902 1568 1929 10
