1774 2782
97 886 134 907 10

96 1545 135 1566 20

95 1867 134 1898 ²5

246 173 320 209 DE
352 173 518 212 DOMO
549 175 651 211 SVA
682 175 758 210 Al)
792 175 1125 213 PONTIFICES
1157 176 1373 212 ORATIO
1426 173 1474 210 28

153 282 282 320 dicere
296 281 512 320 solebatis?
572 284 710 332 Itaque
732 282 796 321 ille
816 296 916 320 unus
938 282 1032 330 dies,
1049 297 1128 332 quo
1149 282 1212 321 die
1235 297 1296 320 me
1310 284 1477 332 populus

155 348 360 384 Romanus
393 359 415 384 a
447 354 558 396 porta
589 346 626 384 in
661 346 903 396 Capitolium
940 355 1058 396 atque
1090 347 1182 385 inde
1217 348 1380 385 domum
1410 361 1479 384 sua

152 410 377 449 celebritate
408 411 631 460 laetitiaque
674 411 903 450 comitatum
948 412 1178 457 honestavit,
1212 419 1342 450 tantae
1385 411 1478 449 mibi

154 475 384 514 iucunditati
407 475 477 514 suit
498 484 539 514 ut
565 484 630 514 tua
656 477 750 514 mihi
779 479 1045 515 conscelerata
1073 477 1135 514 illa
1164 477 1219 514 vis
1248 490 1327 514 non
1358 478 1479 514 modo

154 555 233 578 non
254 542 530 591 propulsanda,
548 542 619 580 sed
631 542 750 581 etiam
765 544 966 580 exct'landa
982 543 1098 580 fuisse
1114 543 1301 579 videatur.
1336 544 1426 589 Qua
1441 556 1478 579 re

153 605 217 644 illa
236 606 447 653 calamitas,
472 606 502 644 si
525 608 577 644 ita
597 614 655 644 est
676 608 921 657 appellanda,
945 607 1088 644 exussit
1110 607 1187 644 hoc
1207 619 1330 656 genus
1352 614 1477 644 totum

154 670 361 717 maledicti,
382 684 430 708 ne
447 671 655 721 quisquam
678 672 752 709 iam
767 673 910 710 audeat
927 672 1213 721 reprehendere
1230 672 1476 708 consulatum

155 750 284 774 meum
306 744 363 774 tot
381 739 497 775 tantis
519 744 598 775 tam
621 738 766 776 ornatis
788 737 954 784 iudiciis,
975 737 1222 783 testimoniis,
1242 737 1476 775 auctoritati-

153 802 226 840 bus
249 803 562 852 comprobatum.
624 804 745 851 Quod
766 802 795 840 si
819 805 856 841 in
879 803 953 841 isto
974 810 1043 840 tuo
1059 802 1271 840 maledicto
1293 802 1477 852 probrum

154 880 234 905 non
255 868 377 905 modo
399 866 493 904 mihi
515 868 665 905 nullum
689 868 876 914 obiectas,
895 868 964 906 sed
987 867 1103 905 etiam
1125 868 1281 905 laudem
1301 868 1480 905 inlustras

154 946 292 978 meam,
309 932 404 981 quid
420 940 456 970 te
470 940 536 970 aut
552 932 630 971 fleri
645 941 712 970 aut
728 933 818 983 fingi
833 934 1057 972 dementius
1072 934 1231 982 potest?
1270 934 1360 969 Vno
1375 933 1479 970 enim

154 997 363 1036 maledicto
385 997 442 1035 bis
463 1011 485 1035 a
507 1012 570 1036 me
591 999 754 1048 patriam
777 1006 967 1036 servatam
990 1011 1074 1036 esse
1096 997 1282 1036 concedis
1300 1013 1307 1036 :
1346 998 1477 1042 semel,

153 1077 241 1101 cum
270 1063 310 1102 id
338 1062 411 1101 feci
440 1065 548 1113 quod
576 1077 715 1102 omnes
743 1077 823 1101 non
849 1071 993 1113 negant
1020 1062 1313 1108 immortalitati,
1343 1062 1373 1100 si
1399 1062 1479 1100 fieri

153 1136 292 1177 potest,
310 1129 594 1175 mandandum,
618 1136 660 1166 tu
677 1127 871 1178 supplicio
887 1128 1133 1178 puniendum
1152 1127 1306 1177 putasti,
1327 1126 1476 1172 iterum,

116 1211 130 1240 5
153 1207 242 1231 cum
269 1201 381 1231 tuum
410 1195 704 1244 multorumque
732 1201 884 1243 praeter
911 1201 948 1231 te
976 1193 1262 1230 inflammatum
1288 1191 1326 1229 in
1354 1192 1479 1229 bonos

152 1259 280 1296 omnis
301 1257 492 1308 impetum
510 1272 602 1296 meo
621 1272 784 1308 corpore
806 1257 952 1308 excepi,
973 1272 1022 1295 ne
1043 1271 1128 1295 eam
1147 1256 1342 1294 civitatem
1361 1270 1479 1305 quam

152 1336 365 1361 servassem
386 1322 546 1361 inermis
564 1331 737 1361 armatus
758 1322 797 1360 in
815 1322 1025 1361 discrimen
1047 1322 1296 1360 adducerem.

208 1390 314 1434 Esto,
343 1402 424 1426 non
457 1389 528 1426 suit
555 1388 595 1426 in
622 1402 686 1426 me
713 1401 841 1438 poena
866 1389 945 1425 ulla
971 1386 1148 1437 peccati;
1177 1394 1217 1424 at
1246 1386 1317 1424 suit
1346 1386 1477 1424 iudici.

155 1455 309 1493 Cuius?
351 1454 440 1504 quis
475 1467 540 1493 me
579 1468 769 1504 umquam
813 1454 891 1491 ulla
937 1455 1021 1503 lege
1068 1452 1350 1502 interrogavit?
1393 1451 1479 1501 quis

154 1518 395 1569 postulavit?
424 1519 511 1568 quis
528 1519 633 1558 diem
651 1519 777 1558 dixit?
836 1520 970 1557 Potest
984 1518 1098 1568 igitur
1118 1517 1292 1556 damnati
1310 1530 1480 1567 poenam

154 1584 344 1623 sustinere
373 1584 655 1623 indemnatus?
680 1592 740 1623 est
770 1585 845 1622 hoc
877 1582 1141 1629 tribunicium,
1173 1590 1231 1620 est
1262 1583 1481 1631 populare?

155 1648 407 1698 Quamquam
425 1649 491 1686 ubi
507 1657 547 1687 tu
570 1656 606 1686 te
628 1650 868 1698 popularem,
888 1647 961 1685 nisi
984 1661 1074 1684 cum
1092 1660 1161 1696 pro
1179 1647 1326 1696 populo
1343 1646 1478 1692 fecisti,

155 1721 265 1764 potes
286 1713 446 1752 dicere?
503 1715 592 1761 Sed,
615 1727 706 1751 cum
730 1714 804 1751 hoc
819 1713 910 1750 iuris
924 1727 947 1750 a
968 1712 1181 1750 maioribus
1199 1711 1396 1761 proditum
1419 1711 1478 1758 sit,

154 1787 196 1816 ut
217 1792 334 1817 nemo
361 1778 455 1816 civis
484 1781 690 1816 Romanus
714 1785 782 1816 aut
805 1777 1026 1816 libertatem
1051 1784 1118 1814 aut
1140 1775 1337 1814 civitatem
1360 1775 1481 1824 possit

154 1843 342 1891 amittere,
367 1843 439 1881 nisi
463 1843 545 1893 ipse
565 1851 701 1881 auctor
722 1844 845 1880 sactus
868 1842 926 1888 sit,
951 1842 1060 1891 quod
1087 1849 1128 1879 tu
1154 1841 1236 1891 ipse
1257 1840 1418 1890 potuisti
1442 1839 1480 1877 in

155 1917 221 1947 tua
250 1923 368 1947 causa
397 1908 547 1947 discere
574 1909 711 1958 (credo
740 1907 857 1955 enim,
886 1920 1127 1957 quamquam
1159 1906 1198 1943 in
1230 1905 1293 1943 illa
1322 1907 1482 1955 adopta-

154 1975 260 2013 tione
281 1974 452 2024 legitime
478 1975 624 2012 sactum
650 1981 708 2011 est
732 1972 840 2018 nihil,
864 1980 996 2010 tamen
1026 1980 1063 2009 te
1091 1984 1176 2009 esse
1201 1970 1479 2020 interrogatum

153 2048 340 2079 auctorne
362 2053 477 2086 esses,
495 2047 536 2077 ut
557 2038 595 2076 in
613 2046 650 2076 te
666 2040 706 2075 P.
724 2037 913 2076 Fonteius
928 2036 1028 2074 vitae
1043 2035 1230 2085 necisque
1245 2043 1480 2085 potestatem

198 2147 216 2175 5
249 2136 425 2166 excitanda
458 2135 590 2165 Ilalm:
617 2135 830 2165 emendanda
853 2133 942 2164 codd.
974 2132 1130 2162 “emenda
1155 2131 1278 2169 l-lkb'2):
1310 2131 1480 2161 invitanda

155 2182 312 2211 svlomms.
331 2193 335 2211 :
354 2180 547 2218 expetenda
561 2179 659 2208 Klots
674 2189 679 2207 :
699 2178 934 2217 amplectenda
948 2177 992 2207 A.
1010 2176 1044 2207 C.
1063 2176 1180 2205 Clark:
1198 2175 1306 2214 pretio
1319 2176 1480 2205 emenda?

156 2224 377 2255 emercanda?
396 2223 437 2252 D.
453 2222 593 2261 Serruys
712 2223 732 2251 6
757 2221 905 2251 excussit
925 2219 1029 2250 GMek
1159 2230 1179 2257 9
1205 2219 1302 2256 Quod
1321 2219 1347 2248 si
1368 2219 1398 2247 in
1417 2218 1480 2248 isto

154 2268 201 2299 sd.
221 2267 284 2298 R:
311 2266 538 2306 quosinhistot
554 2264 596 2295 P¹
614 2277 619 2295 :
644 2275 710 2303 quo
729 2265 830 2303 {quod
848 2263 921 2303 Hk)
940 2262 972 2292 in
990 2263 1054 2293 isto
1077 2263 1140 2293 rell.
1274 2272 1312 2300 13
1338 2272 1404 2291 non
1423 2272 1478 2291 nc-

155 2317 235 2351 gant
253 2311 286 2340 b:
313 2314 439 2349 negent
455 2309 517 2339 rell.
531 2306 810 2349 praeterHMffls*
822 2307 903 2344 (non
919 2308 1056 2344 negent)
1078 2310 1089 2335 t
1106 2306 1257 2343 (rogent'i
1275 2305 1332 2335 dcl.
1351 2304 1481 2335 Mada:

157 2355 344 2385 concedent
369 2353 499 2383 Halm:
532 2352 609 2382 boni
631 2356 772 2382 censent
795 2350 884 2380 Koch
1078 2360 1118 2379 22
1147 2360 1206 2387 pro
1232 2349 1263 2377 [ί]
1289 2353 1317 2377 ct
1340 2348 1385 2377 cd,
1412 2348 1480 2378 R:

156 2409 220 2429 om.
245 2397 308 2428 rell.
329 2397 386 2435 (de
402 2397 435 2429 k,
579 2406 618 2433 24
647 2395 836 2425 libertatem
858 2392 925 2423 kls-'t
950 2397 977 2431 ζ,ξ
997 2393 1074 2431 ὃοζν.
1105 2392 1297 2431 inpietatem
1318 2391 1401 2422 1·cll.:
1428 2392 1479 2420 sui

158 2446 355 2481 potestatem
374 2439 533 2471 Momms.

199 2503 259 2524 c1C.
280 2503 322 2523 DE
343 2502 438 2523 DOMO

1499 187 1535 217 75

1501 287 1538 327 76

1499 812 1552 848 29

1503 1395 1540 1428 77
