1774 2782
251 136 300 172 19

246 864 298 892 20

256 924 297 956 45

246 1809 289 1849 46

320 141 363 171 44
692 128 748 163 M.
778 128 947 164 TVLLI
980 127 1286 166 CICERONIS

321 237 518 275 mortifera
546 238 612 287 qui
641 236 903 287 imposuisset,
928 240 1049 276 semel
1077 238 1201 288 perire
1222 246 1365 286 tamen,
1388 238 1546 287 iudices,
1571 254 1650 279 ma-

320 301 479 339 luissem
506 316 623 352 quam
651 301 710 339 bis
732 302 913 350 vincere,
951 311 1031 341 erat
1058 303 1163 341 enirn
1195 303 1259 341 illa
1281 305 1402 342 altera
1426 303 1509 342 eius
1542 305 1651 344 modi

320 366 523 404 contentio
544 374 585 404 ut
602 379 733 416 neque
748 366 840 404 victi
857 381 986 417 neque
1006 367 1172 406 victores
1193 381 1274 406 rem
1297 368 1496 418 publicam
1518 376 1651 408 tenere

320 443 537 479 possemus.
590 431 711 479 Quid,
731 431 761 469 si
779 431 816 469 in
835 431 959 482 prima
975 432 1231 471 contentione
1247 433 1283 470 vi
1302 432 1510 471 tribunicia
1527 433 1650 471 victus

320 495 360 533 in
382 497 465 534 soro
487 510 578 534 cum
600 496 733 535 multis
754 496 870 535 bonis
892 497 980 535 viris
1002 497 1294 536 concidissem?
1351 499 1538 536 Senatum
1556 512 1648 536 con-

320 562 437 609 sules,
457 563 585 609 credo,
610 570 828 608 vocassent,
848 576 966 611 quem
988 570 1115 600 totum
1136 564 1186 601 de
1203 562 1358 601 civitate
1375 564 1571 611 delerant;
1599 565 1650 602 ad

318 639 424 664 arma
441 635 658 674 vocassent,
678 627 744 677 qui
762 641 812 665 ne
828 627 969 665 vestitu
992 627 1152 677 quidem
1171 627 1329 666 defendi
1347 641 1426 666 rem
1450 629 1648 678 publicam

319 691 484 739 sissent3
521 705 543 730 a
573 692 733 730 tribuno
763 692 889 741 plebis
924 700 1012 741 post
1048 692 1247 730 interitum
1282 692 1548 741 dissedissent,
1582 694 1648 743 qui

319 758 487 795 eandem
519 759 657 795 horam
693 771 805 796 meae
839 757 959 807 pestis
997 765 1034 796 et
1067 771 1226 796 suorum
1262 758 1523 807 praemiorum
1563 772 1649 798 esse

319 822 544 861 voluissent.

373 889 507 926 Vnum
528 896 660 926 autem
682 888 778 925 mihi
800 888 970 926 restabat
996 888 1093 927 illud
1116 889 1225 938 quod
1246 888 1406 927 forsitan
1427 903 1509 927 non
1529 903 1648 929 nemo

318 952 374 991 vir
401 953 509 992 fortis
535 961 574 992 et
600 953 698 991 acris
725 952 845 991 animi
881 953 1094 1003 magnique
1125 953 1288 992 dixerit:
1323 953 1561 1002 ‘restitisses,
1590 968 1648 993 re·

316 1032 540 1069 pugnasses,
574 1026 739 1056 mortem
776 1032 955 1068 pugnans
989 1018 1232 1068 oppetisses.'
1302 1020 1363 1057 De
1397 1033 1477 1069 quo
1512 1028 1559 1066 te,
1597 1027 1645 1067 te,

316 1084 489 1133 inquam,
525 1083 658 1133 patria,
695 1090 817 1121 testor
852 1091 889 1121 et
925 1097 1004 1130 vos,
1043 1092 1205 1133 penates
1241 1083 1432 1133 patriique
1470 1083 1544 1131 dei,
1582 1098 1645 1123 me

314 1157 527 1186 vestrarum
556 1149 694 1187 sedum
723 1150 1041 1198 templorumque
1064 1161 1192 1195 causa,
1217 1161 1279 1186 me
1303 1157 1459 1199 propter
1479 1150 1642 1187 salutem

315 1227 492 1252 meorum
509 1214 664 1259 civium,
684 1226 785 1263 quae
806 1213 899 1251 mihi
917 1227 1072 1263 semper
1092 1213 1163 1251 fuit
1182 1227 1269 1251 mea
1284 1213 1407 1252 carior
1423 1213 1511 1261 vita,
1529 1213 1643 1252 dimi-

314 1278 510 1316 cationem
531 1280 779 1328 caedemque
796 1278 950 1329 fugisse.
1003 1278 1161 1317 Etenim
1179 1278 1208 1316 si
1228 1278 1322 1316 mihi
1340 1278 1378 1316 in
1394 1278 1525 1328 aliqua
1544 1292 1643 1317 nave

314 1357 402 1381 cum
426 1343 523 1382 ineis
547 1343 683 1381 amicis
709 1343 905 1394 naviganti
932 1345 1019 1391 hoc,
1043 1344 1203 1390 iudices,
1226 1343 1444 1390 accidisset,
1468 1352 1509 1381 ut
1532 1344 1642 1382 multi

314 1423 359 1447 ex
374 1409 505 1447 multis
522 1409 618 1447 locis
634 1411 854 1459 praedones
871 1409 1061 1448 classibus
1078 1423 1164 1448 eam
1180 1422 1321 1447 navem
1333 1423 1374 1447 se
1388 1422 1641 1459 oppressuros

313 1474 584 1513 minitarentur
610 1474 683 1511 nisi
714 1487 778 1512 me
807 1487 931 1512 unum
962 1474 1035 1512 sibi
1065 1474 1321 1520 dedidissent,
1346 1473 1376 1511 si
1402 1473 1441 1512 id
1466 1481 1640 1512 vectores

311 1547 498 1589 negarent
518 1553 565 1578 ac
586 1553 741 1577 mecum
764 1541 880 1577 simul
902 1539 1057 1578 interire
1078 1553 1197 1589 quam
1215 1552 1278 1577 me
1295 1540 1445 1577 tradere
1462 1538 1641 1576 hostibus

312 1606 485 1651 mallent,
510 1604 690 1643 iecissem
718 1604 801 1654 ipse
829 1618 892 1643 me
917 1604 1047 1654 potius
1075 1604 1113 1642 in
1140 1605 1392 1654 profundum,
1416 1611 1457 1641 ut
1487 1611 1639 1642 ceteros

311 1682 595 1717 conservarem,
627 1683 746 1720 quam
777 1669 864 1707 illos
899 1669 976 1707 mei
1011 1677 1090 1707 tam
1126 1669 1292 1719 cupidos
1328 1682 1408 1706 non
1438 1669 1560 1706 modo
1589 1669 1640 1706 ad

310 1742 455 1773 certam
478 1743 655 1782 mortem,
679 1735 748 1773 sed
770 1734 809 1772 in
827 1747 1013 1784 magnum
1035 1734 1135 1772 vitae
1155 1733 1366 1772 discrimen
1386 1733 1637 1771 adducerem.

311 1801 412 1839 Cum
439 1813 531 1838 vero
561 1799 600 1837 in
630 1801 731 1838 hanc
759 1799 812 1838 rei
840 1799 1021 1849 publicae
1051 1812 1204 1846 navem,
1227 1798 1368 1848 ereptis
1396 1797 1547 1836 senatui
1571 1812 1638 1847 gu-

311 1864 530 1903 bernaculis
560 1865 780 1903 fluitantem
812 1864 852 1902 in
884 1866 964 1903 alto
996 1863 1296 1914 tempestatibus
1324 1862 1563 1901 seditionum
1593 1876 1638 1900 ac

309 1928 608 1974 discordiarum,
643 1937 817 1967 armatae
856 1936 913 1966 tot
953 1930 1107 1975 classes,
1145 1927 1218 1965 nisi
1259 1940 1331 1977 ego
1370 1940 1496 1965 essem
1537 1940 1638 1964 unus

308 1993 478 2041 deditus,
505 1994 730 2032 incursurae
758 1993 995 2041 viderentur,
1019 2007 1109 2031 curn
1137 1991 1381 2043 proscriptio,
1404 1992 1556 2039 caedes,
1580 1991 1637 2030 di-

307 2058 433 2108 reptio
461 2059 768 2106 denuntiaretur,
800 2072 891 2096 cum
925 2058 990 2096 alii
1026 2072 1089 2097 me
1124 2056 1348 2107 suspicione
1382 2056 1542 2107 periculi
1578 2057 1636 2095 sui

354 2174 366 2193 1
402 2163 458 2202 qui
491 2163 707 2202 imposuisset
739 2162 870 2193 Halm:
906 2173 971 2202 que
1003 2162 1110 2201 inpos.
1137 2161 1171 2191 P
1198 2162 1289 2200 (corr.
1319 2171 1410 2191 man.
1438 2171 1491 2191 rec.
1519 2161 1635 2200 quam)

308 2218 324 2246 7
353 2212 534 2237 vocassent
558 2207 640 2237 Em.
672 2210 714 2246 <et
735 2206 792 2236 del.
822 2210 1002 2236 vocassent
1025 2206 1044 2236 l.
1069 2208 1090 2235 6
1119 2204 1305 2243 lVez‘dner):
1337 2209 1499 2234 vocarent
1523 2203 1637 2234 codd:

305 2251 343 2289 cf.
363 2251 441 2280 victi
458 2255 572 2280 essent
591 2275 596 2281 .
616 2275 622 2281 .
643 2275 649 2281 .
670 2255 892 2288 superessent
911 2251 926 2285 ξ
945 2260 985 2288 47
1076 2250 1095 2278 8
1121 2249 1293 2279 interitum
1312 2257 1422 2277 meum
1437 2247 1482 2278 ed.
1499 2247 1635 2278 Ascens.

309 2303 388 2332 1531
485 2304 497 2323 1
508 2304 519 2323 1
547 2299 656 2323 autem
675 2294 792 2334 scripsi
807 2305 812 2323 :
839 2293 927 2322 enim
940 2292 973 2322 P
985 2292 1046 2323 rell.
1064 2292 1136 2328 (sed
1150 2292 1184 2321 in
1196 2291 1229 2321 P
1241 2291 1323 2321 -nim
1338 2301 1381 2320 m.
1398 2301 1453 2322 see.
1468 2291 1503 2320 in
1517 2301 1635 2321 rasura

306 2337 430 2376 script.)
447 2348 453 2366 ε
478 2348 544 2368 om.
560 2337 580 2366 k
595 2349 601 2367 ι
635 2337 734 2367 etiam
752 2336 860 2366 Halm
878 2348 884 2367 :
909 2341 1022 2366 tamen
1041 2335 1117 2365 Keil
1226 2344 1264 2372 14
1291 2334 1427 2372 inquam
1445 2345 1508 2364 om.
1529 2334 1634 2364 Sclzol.

309 2390 347 2418 15
372 2381 489 2410 sedum
507 2380 570 2410 PG
584 2384 613 2410 el
631 2380 823 2410 Priscianus
839 2392 845 2410 :
870 2380 1000 2410 sedium
1017 2379 1063 2409 1³2
1079 2378 1143 2409 rell.
1244 2387 1286 2407 20
1310 2377 1484 2408 dedissent
1501 2377 1533 2407 P
1546 2377 1566 2406 k
1581 2377 1635 2407 all.

307 2423 343 2464 (l.
365 2423 422 2464 28)
556 2434 595 2462 24
622 2435 775 2463 magnum
795 2429 885 2464 susp.
908 2422 1055 2462 Kayser:
1081 2422 1253 2452 minimum
1274 2421 1362 2451 Bake

1671 512 1688 544 5

1671 840 1708 862 10

1667 1162 1704 1193 15

1663 1488 1702 1509 20

1660 1812 1697 1846 ²5
