1774 2782
252 127 295 163 51

238 949 295 979 ¹32

248 1598 299 1635 52

318 132 373 160 131
682 116 736 151 M.
769 115 935 151 TVLLI
969 113 1275 152 CICERONIS

317 234 373 262 tas
393 233 510 274 atque
536 224 643 262 omni
671 224 785 261 laude
813 224 957 272 digna3
986 223 1248 272 praescribere
1275 223 1380 260 enim
1412 236 1453 260 se
1482 223 1642 260 arbitra-

318 291 431 327 batur
460 297 502 328 ut
529 289 613 327 sine
643 288 782 326 studiis
812 287 1068 326 dissensionis
1097 288 1317 325 sententiae
1346 287 1579 334 dicerentur,
1611 287 1641 324 si

317 355 451 391 sedem
474 354 597 402 ipsam
625 366 670 390 ac
698 354 889 402 templum
920 351 1065 402 publici
1092 353 1229 390 consili
1259 351 1444 401 religione
1472 352 1644 390 Concor-

317 418 406 457 diae
434 417 682 456 devinxisset.
743 419 805 455 Tu
836 431 926 455 cum
957 418 1067 464 ferro,
1095 430 1188 455 curn
1218 425 1338 463 metu,
1370 430 1459 454 cum
1491 416 1642 463 edictis,

317 497 407 520 cum
424 482 642 533 privilegiis,
662 496 752 521 cum
770 482 1041 532 praesentibus
1057 482 1180 531 copiis
1198 482 1451 532 perditorum,
1469 481 1643 520 absentis
1665 495 1681 524 5

317 548 507 585 exercitus
529 556 672 586 terrore
693 556 730 586 et
752 548 878 595 minis,
902 549 1110 585 consulum
1132 547 1319 585 societate
1341 554 1379 585 et
1400 547 1548 585 nefario
1568 548 1646 584 foe-

316 614 408 651 dere
430 614 611 651 servitute
629 626 855 663 oppressam
873 613 1069 651 civitatem
1084 621 1248 660 teneres,
1265 613 1475 651 Libertatis
1490 613 1643 663 signum

318 678 480 727 posuisti
507 680 628 727 magis
650 679 701 716 ad
731 678 943 716 ludibrium
969 678 1237 728 impudentiae
1267 692 1385 728 quam
1414 679 1464 716 ad
1492 680 1645 716 simula-

318 744 464 780 tionem
483 743 689 793 religionis.
752 744 822 781 Ille
837 742 875 780 in
897 742 1003 781 curia
1023 756 1124 793 quae
1146 751 1297 793 poterat
1311 743 1395 781 sine
1411 743 1643 794 cuiusquam

318 807 573 845 incommodo
595 807 778 854 dedicari,
803 816 843 845 tu
865 808 903 845 in
924 808 1019 845 civis
1040 807 1188 857 optime
1209 809 1259 846 de
1281 822 1319 845 re
1340 809 1498 858 publica
1520 809 1643 847 meriti
1668 821 1705 842 ¹0

318 885 454 910 cruore
474 886 519 910 ac
540 886 665 922 paene
686 873 839 911 ossibus
864 874 1115 911 simulacrum
1137 886 1219 911 non
1240 873 1429 912 libertatis
1451 875 1644 924 publicae,

317 939 387 975 sed
401 937 580 976 licentiae
594 938 821 976 conlocasti.
854 940 986 988 Atque
1000 937 1065 977 ille
1084 946 1214 976 tamen
1228 940 1278 976 ad
1293 939 1515 989 conlegium
1531 947 1646 978 rettu-

317 1004 373 1049 lit,
394 1011 434 1040 tu
455 1004 506 1040 ad
527 1016 645 1052 quem
674 1005 884 1042 rettulisti?
942 1003 980 1041 Si
1008 1005 1104 1054 quid
1128 1003 1378 1052 deliberares,
1401 1005 1432 1043 si
1458 1006 1554 1055 quid
1575 1005 1644 1043 tibi

317 1077 381 1106 aut
410 1070 599 1118 piandum
628 1077 695 1107 aut
724 1069 1010 1108 instituendum
1038 1069 1175 1108 fuisset
1202 1070 1388 1120 religione
1416 1071 1644 1117 domestica,

318 1143 448 1171 tamen
472 1133 649 1172 instituto
677 1143 894 1172 ceterorum
924 1143 1052 1173 vetere
1079 1137 1130 1174 ad
1156 1136 1386 1185 pontificem
1416 1136 1647 1175 detulisses:
1672 1154 1706 1185 ¹5

318 1212 463 1236 novum
486 1199 696 1237 delubrum
716 1213 807 1237 cum
830 1199 869 1237 in
886 1200 992 1237 urbis
1013 1200 1228 1239 clarissimo
1251 1202 1339 1239 loco
1359 1203 1534 1240 nefando
1554 1216 1648 1252 quo-

318 1265 410 1301 dam
430 1272 548 1313 atque
565 1263 743 1303 inaudito
760 1264 937 1303 instituto
956 1266 1170 1313 inchoares,
1191 1267 1440 1304 referendum
1456 1268 1506 1305 ad
1524 1281 1647 1306 sacer-

319 1331 431 1368 dotes
462 1330 641 1379 publicos
672 1345 752 1368 non
778 1332 954 1380 putasti?
1021 1334 1073 1369 At
1103 1333 1133 1369 si
1164 1332 1388 1382 conlegium
1414 1333 1646 1383 pontificum

319 1395 590 1433 adhibendum
631 1410 711 1434 non
747 1396 963 1443 videbatur,
994 1409 1167 1434 nemone
1202 1398 1341 1435 horum
1379 1397 1449 1435 tibi
1480 1397 1647 1436 idoneus

320 1461 422 1498 visus
444 1469 512 1505 est,
536 1461 603 1510 qui
620 1469 747 1500 aetate
769 1462 918 1499 honore
934 1461 1166 1500 auctoritate
1181 1463 1433 1509 antecellunt,
1456 1476 1547 1500 cum
1568 1476 1647 1512 quo
1670 1482 1708 1503 20

317 1529 360 1563 de
394 1527 646 1565 dedicatione
681 1527 1025 1565 communicares?
1081 1528 1262 1576 Quorum
1299 1528 1461 1577 quidem
1496 1535 1537 1565 tu
1567 1541 1646 1566 non

319 1592 588 1642 contempsisti
626 1594 695 1631 sed
731 1592 964 1642 pertimuisti
995 1594 1238 1642 dignitatem.
1308 1595 1372 1632 An
1406 1601 1449 1632 tu
1483 1595 1648 1632 auderes

319 1672 504 1707 quaerere
525 1672 572 1696 ex
592 1660 632 1696 P.
658 1659 820 1697 Servilio
840 1666 906 1696 aut
926 1672 971 1696 ex
995 1660 1051 1696 M.
1075 1658 1252 1706 Lucullo,
1276 1673 1443 1709 quorum
1466 1673 1539 1709 ego
1560 1672 1650 1696 con-

320 1723 407 1761 silio
426 1731 544 1773 atque
566 1725 798 1761 auctoritate
820 1736 900 1761 rem
923 1723 1120 1773 publicam
1144 1726 1283 1762 consul
1304 1738 1351 1763 ex
1371 1726 1507 1763 vestris
1529 1724 1649 1762 mani-

320 1789 393 1826 bus
425 1801 471 1826 ac
504 1788 682 1826 faucibus
717 1790 852 1838 eripui,
883 1788 1123 1838 quibusnam
1153 1790 1281 1828 verbis
1310 1798 1377 1828 aut
1406 1803 1488 1840 quo
1522 1790 1649 1828 ritu—
1672 1811 1708 1841 25

320 1853 487 1903 primum
520 1855 595 1892 hoc
624 1853 867 1891 dico—civis
892 1854 1056 1891 domum
1087 1868 1346 1901 consecrareS‚
1380 1857 1525 1894 deinde
1555 1855 1648 1893 civis

320 1918 403 1955 eius
423 1918 485 1955 cui
507 1918 688 1968 princeps
711 1926 880 1965 senatus,
899 1926 982 1956 tum
1003 1926 1134 1956 autem
1157 1919 1315 1958 ordines
1335 1933 1484 1967 omnes,
1503 1921 1649 1958 deinde

322 1984 434 2021 Italia
455 1990 545 2028 tota,
570 1992 658 2033 post
681 1992 847 2021 cunctae
874 1992 1009 2033 gentes
1034 1985 1304 2022 testimonium
1331 1985 1446 2023 liuius
1470 1984 1576 2023 urbis
1596 1993 1650 2023 at-

368 2098 375 2116 ι
408 2087 509 2125 digna
523 2088 737 2119 0112.PHall.
813 2100 851 2120 10
876 2088 1037 2118 dedicarit
1056 2089 1111 2118 uin
1131 2089 1214 2119 civis
1232 2089 1280 2119 P:
1299 2090 1444 2119 dedicari
1465 2094 1497 2119 tu
1518 2090 1547 2120 in
1567 2090 1648 2120 civis

320 2129 432 2161 BHk:
453 2131 618 2161 dedicavit
635 2143 640 2161 :
672 2138 704 2161 tu
724 2132 838 2162 Klotz:
863 2131 1023 2170 dedicari,
1043 2133 1177 2169 signum
1195 2133 1407 2171 concordiae,
1427 2138 1462 2163 tu
1480 2133 1647 2172 Naegelsb.

325 2184 361 2212 15
386 2179 496 2204 tamen
515 2174 592 2205 inst.
610 2180 799 2205 ceterorum
818 2187 884 2216 mg.
900 2175 943 2205 P2
959 2188 966 2207 ε
991 2177 1132 2209 'ttamen
1151 2176 1239 2206 Bait.
1258 2177 1337 2216 quia
1357 2180 1447 2216 ‘post
1463 2177 1649 2206 domestica

320 2218 353 2247 in
368 2217 400 2247 P
415 2228 522 2247 unum
537 2218 670 2248 verbum
687 2230 822 2249 erasnm
835 2220 898 2249 est'
914 2232 920 2249 2
945 2221 1140 2259 domestica,
1154 2231 1248 2251 more
1261 2225 1376 2250 vetere
1393 2220 1435 2250 ad
1453 2220 1647 2258 pontificem

321 2261 510 2292 detulisses:
540 2271 629 2292 nunc
648 2272 770 2292 novum
784 2262 847 2293 del.
862 2262 969 2293 Halm
1058 2270 1173 2294 vetere
1186 2264 1226 2294 bk
1238 2266 1321 2305 (-em
1337 2264 1388 2300 M)
1404 2275 1410 2295 :
1431 2269 1564 2294 uterere
1578 2263 1645 2293 rell.

322 2304 496 2334 retulisses
510 2303 620 2335 Muell.
716 2306 751 2334 16
775 2306 919 2345 quodam
936 2312 1037 2346 atque
1057 2308 1204 2338 inaudito
1221 2308 1275 2338 ss.
1294 2306 1338 2336 Ρ2
1428 2318 1470 2337 20
1494 2317 1567 2336 cum
1579 2317 1646 2346 quo

321 2346 432 2377 Muell.
450 2361 455 2378 z
481 2357 554 2377 curn
573 2358 612 2377 eo
628 2348 714 2377 codd.
735 2350 784 2378 (ut
804 2359 877 2379 curn
898 2360 939 2379 eo
956 2350 1047 2387 ku)
1169 2362 1206 2381 21
1228 2351 1269 2381 de
1285 2351 1500 2381 dedicatione
1517 2349 1624 2380 Halm
1640 2361 1646 2380 :

322 2390 566 2420 dedicationem
586 2391 671 2421 codd.
812 2402 850 2429 25
877 2393 1024 2423 saucibus
1043 2395 1059 2422 Ι)
1076 2394 1121 2426 ed.
1142 2394 1183 2426 R.
1202 2407 1208 2425 ε
1234 2395 1361 2425 facibus
1377 2393 1465 2425 codd.
1481 2393 1558 2432 pler.
