1774 2782
122 547 138 577 5

101 869 136 891 10

98 1191 134 1222 ¹5

255 163 328 199 DE
362 163 527 201 DOMO
557 164 661 200 SVA
691 164 768 200 AD
800 164 1134 203 PONTIFICES
1166 166 1380 203 ORATIO
1429 176 1482 211 39
1506 184 1566 215 ¹04

161 281 403 306 summorum
420 267 600 316 virorum,
618 282 697 307 non
711 277 846 316 vestra,
863 270 1081 319 pontificeS,
1091 271 1276 319 gravitate
1289 271 1485 308 abutitur?

162 334 220 370 Ex
254 332 328 371 isto
359 347 424 371 ore
454 333 649 383 religionis
684 333 845 372 verbum
879 334 1057 372 excidere
1093 342 1158 372 aut
1190 335 1291 373 elabi
1325 338 1484 384 potest?

160 411 276 448 quam
311 405 352 435 tu
386 399 527 436 eodem
559 412 635 445 ore,
667 400 894 437 accusando
924 407 1102 437 senatum
1133 401 1242 449 quod
1272 414 1403 439 severe
1434 403 1482 439 de

160 462 344 511 religione
384 464 621 510 decerneret,
665 463 925 513 impurissime
974 466 1273 514 taeterrimeque
1318 465 1480 504 violasti.

159 526 345 576 Aspicite,
375 527 591 577 pontifices,
622 529 825 566 hominem
854 529 1077 578 religiosum
1099 537 1147 577 et,
1179 529 1208 567 si
1240 530 1351 568 vobis
1382 531 1483 569 vide-
1503 518 1562 586 40·

158 599 229 637 tur,
265 593 373 641 quod
408 599 466 630 est
496 593 691 631 bonorum
723 593 966 643 pontificum,
1001 602 1159 632 monete
1191 607 1280 633 eum
1317 596 1478 633 modum
1508 578 1565 609 ¹0³

158 657 356 705 quendam
387 670 473 695 esse
503 657 722 707 religionis:
754 657 918 695 nimium
949 671 1034 696 esse
1059 658 1370 708 superstitiosum
1402 673 1481 698 non

157 729 347 770 oportere.
407 721 515 770 Quid
543 722 612 760 tibi
640 736 801 760 necesse
828 722 898 760 suit
924 722 1016 760 anili
1047 723 1332 774 superstitione,
1363 726 1482 762 homo

157 785 334 833 fanatice,
357 786 589 824 sacrificium
607 788 715 837 quod
735 787 886 826 alienae
907 787 1015 826 domi
1038 789 1144 826 fieret
1165 788 1361 827 invisere?
1382 804 1481 840 quae

156 858 286 888 autem
319 859 356 890 te
390 859 497 889 tanta
529 851 670 890 mentis
706 851 951 891 imbecillitas
986 852 1110 891 tenuit
1141 861 1181 891 ut
1214 867 1294 892 non
1327 863 1481 904 putares

156 916 251 953 deos
272 915 364 954 satis
390 930 504 966 posse
532 918 674 966 placari
704 916 776 955 nisi
804 917 918 955 etiam
946 917 1202 957 muliebribus
1230 919 1481 969 religionibus

156 987 193 1018 te
214 979 500 1030 implicuisses?
557 983 688 1030 Quem
710 995 899 1032 umquam
922 982 1066 1020 audisti
1094 983 1285 1021 maiorum
1314 992 1479 1032 tuorum,

155 1044 222 1094 qui
257 1053 294 1083 et
324 1059 431 1084 sacra
460 1047 608 1097 privata
632 1048 836 1085 coluerunt
863 1055 901 1086 et
926 1048 1093 1098 publicis
1121 1051 1347 1087 sacerdotiis
1379 1064 1480 1099 prae-

156 1111 320 1158 fuerunt,
357 1125 447 1148 cum
487 1111 718 1149 sacrificium
763 1114 897 1150 Bonae
938 1114 1046 1151 Deae
1088 1114 1195 1152 fieret
1234 1114 1482 1154 interfuisse?

156 1176 367 1223 neminem,
389 1189 438 1215 ne
468 1177 577 1214 illum
599 1178 759 1227 quidem
788 1178 855 1227 qui
875 1191 1015 1215 caecus
1037 1186 1094 1216 est
1122 1181 1256 1218 factus.
1317 1181 1375 1217 Ex
1403 1195 1481 1230 quo

154 1240 388 1290 intellegitur
418 1242 539 1279 multa
570 1242 608 1279 in
639 1243 715 1280 vita
750 1243 847 1281 falso
877 1242 1057 1281 homines
1090 1244 1250 1294 opinari,
1281 1259 1370 1283 cum
1405 1246 1477 1293 ille,

153 1305 218 1355 qui
258 1306 353 1344 nibil
385 1308 534 1345 viderat
569 1307 695 1346 sciens
728 1309 836 1358 quod
868 1310 976 1346 nefas
1011 1317 1123 1356 esset,
1158 1310 1306 1349 Iumina
1338 1311 1477 1358 amisit,

152 1369 272 1418 istius,
305 1370 370 1421 qui
402 1385 483 1409 non
507 1373 633 1411 solum
662 1380 824 1423 aspectu
852 1374 922 1411 sed
952 1373 1067 1412 etiam
1096 1374 1245 1413 incesto
1273 1377 1418 1426 flagitio
1442 1386 1479 1415 et

152 1443 287 1485 stupro
306 1436 563 1475 caerimonias
585 1437 734 1487 polluit,
757 1451 887 1488 poena
906 1438 1035 1477 omnis
1065 1441 1267 1478 oculorum
1289 1442 1339 1479 ad
1360 1441 1479 1479 caeci-

152 1507 271 1538 tatem
304 1502 446 1539 mentis
478 1509 535 1540 est
565 1515 763 1541 conversa.
824 1505 916 1541 Hoc
949 1511 1107 1542 auctore
1140 1512 1218 1542 tam
1248 1513 1367 1553 casto,
1400 1514 1476 1543 tam

151 1566 343 1616 religioso,
366 1575 444 1604 tam
472 1574 620 1614 sancto,
644 1575 723 1605 tam
745 1569 811 1618 pio
832 1568 1006 1618 potestis,
1029 1569 1246 1618 pontifices,
1271 1583 1349 1608 non
1375 1584 1478 1609 com-

151 1631 306 1678 moveri,
342 1645 431 1669 eum
467 1632 546 1670 suis
577 1633 682 1670 dicat
717 1647 758 1671 se
795 1633 975 1672 manibus
1011 1635 1174 1673 domum
1214 1635 1307 1673 civis
1341 1635 1476 1686 optimi

150 1696 331 1735 evertisse
348 1705 385 1735 et
407 1710 494 1735 eam
515 1698 640 1736 isdem
664 1699 846 1737 manibus
866 1701 1146 1738 consecrasse?

203 1763 316 1810 Quae
338 1769 404 1800 tua
424 1761 495 1800 fuit
522 1763 796 1803 consecratio?
855 1765 1090 1811 ‘Tuleramss
1112 1764 1248 1815 inquit,
1286 1769 1349 1804 ‘ut
1383 1766 1475 1803 mibi
1501 1775 1559 1807 106

149 1826 304 1865 liceret.'
362 1828 503 1876 Quid?
531 1841 612 1866 non
648 1842 856 1878 exceperas
889 1837 940 1875 ut,
973 1828 1004 1866 si
1039 1830 1135 1879 quid
1167 1829 1225 1868 ius
1256 1843 1335 1868 non
1375 1838 1476 1868 esset

148 1891 283 1942 rogari,
314 1905 364 1930 ne
393 1900 494 1930 esset
525 1895 736 1943 rogatum?
793 1895 860 1931 Ius
890 1893 1004 1943 igitur
1042 1894 1217 1932 statuetis
1248 1909 1332 1933 esse
1362 1896 1476 1933 unius

148 1957 337 2006 cuiusque
367 1965 538 1995 vestrum
569 1958 684 2004 sedis,
714 1971 809 2004 aras,
834 1959 953 2005 focos,
977 1960 1073 1997 deos
1100 1960 1252 2009 penatis
1279 1960 1476 1999 subiectos

148 2034 232 2059 esse
253 2021 406 2060 libidini
427 2022 688 2061 tribuniciae?
709 2022 747 2060 in
769 2036 888 2073 quem
904 2024 1072 2074 quisque
1093 2038 1160 2074 per
1182 2024 1360 2063 homines
1382 2039 1474 2063 con-

148 2087 286 2124 citatos
308 2087 477 2134 inruerit,
501 2101 618 2137 quem
643 2089 791 2138 impetu
819 2088 1037 2138 perculerit,
1061 2088 1175 2126 huius
1202 2090 1366 2127 domum
1394 2103 1473 2128 non

190 2199 209 2228 3
232 2199 331 2228 quam
351 2189 468 2220 Lamb.
488 2201 494 2220 ε
519 2200 594 2220 cum
612 2189 700 2222 codd.
831 2200 849 2230 5
874 2190 1029 2230 Aspicite
1048 2191 1094 2221 bis
1113 2192 1214 2222 (ΞΜΙ)2
1340 2203 1375 2221 12
1391 2193 1471 2231 fort.

148 2233 395 2272 implicavisses
411 2233 567 2264 Zielinskz
735 2235 772 2264 16
792 2245 867 2264 cum
888 2258 894 2264 .
916 2258 923 2266 .
941 2258 947 2265 .
967 2236 1077 2265 amisit
1095 2236 1184 2266 codd.
1203 2247 1210 2266 :
1234 2236 1391 2274 quoniam
1411 2261 1417 2267 .
1437 2260 1442 2266 .
1466 2259 1472 2266 .

149 2276 255 2306 amisit
286 2276 475 2316 Naegelsb.:
516 2288 589 2308 cum
623 2299 632 2308 .
663 2300 670 2308 .
705 2302 711 2309 .
742 2278 891 2308 amiserit
928 2278 1120 2318 Hoffinann
1155 2279 1260 2317 <Vena
1290 2280 1332 2319 iv,
1363 2283 1473 2317 §1235

151 2329 189 2357 19
213 2319 253 2349 ab
269 2320 442 2350 oculorum
458 2321 537 2360 seep
673 2331 709 2350 21
740 2332 805 2351 non
824 2322 968 2360 potestis
984 2332 1052 2352 non
1071 2346 1077 2352 .
1098 2346 1105 2352 .
1126 2345 1132 2351 .
1155 2332 1374 2352 consecrasse
1394 2322 1476 2359 (sinet

149 2364 240 2401 signo
268 2363 433 2404 interrog.)
468 2363 578 2394 Halm
763 2366 804 2394 26
842 2365 951 2404 rogari
983 2365 1194 2396 Brtssomus:
1236 2375 1353 2403 rogare
1386 2364 1473 2396 codd.

149 2415 187 2444 27
214 2406 382 2436 subiectos
402 2406 433 2436 [1²
449 2411 478 2437 et
493 2407 540 2438 ed.
558 2406 620 2438 R:
637 2407 788 2438 sublatos
806 2407 870 2439 rell.
