1774 2782
403 139 512 177 PRO
546 140 586 176 L.
620 139 912 178 CORNELIO
944 140 1127 178 BALBO
1158 139 1371 178 ORATIO
1504 149 1609 187 2149

229 248 366 297 imperi
401 249 586 287 defensor
624 248 722 287 mori
757 257 899 299 potest,
933 250 1035 288 vivat
1066 250 1274 287 auctoritas
1305 246 1545 286 immortalis.

1570 291 1620 317 22

227 311 365 361 Quid?
422 314 494 352 Cn.
533 313 744 363 Pompeius
777 322 885 363 pater
915 314 1030 352 rebus
1064 313 1202 352 Italico
1237 314 1340 351 bello
1372 313 1548 350 maximis
1573 351 1611 373 ;0

224 378 342 427 gestis
372 379 412 415 P.
440 378 635 424 Caesium,
668 378 840 428 equitem
873 380 1111 425 Romanum,
1134 379 1258 416 virum
1289 379 1449 424 bonum,
1481 376 1548 426 qui
1571 373 1583 381 “

225 442 327 490 vivit,
352 444 624 481 Ravennatem
646 444 847 482 foederato
868 456 914 481 ex
935 444 1081 493 populo
1102 456 1235 481 nonne
1255 443 1409 480 civitate
1429 444 1548 480 dona-

188 521 205 553 5
225 508 307 545 vit?
355 509 493 557 Quid?
522 507 692 546 cohortis
708 509 805 546 duas
826 509 1024 546 universas
1040 507 1281 547 Camertium
1299 507 1341 545 C.
1359 508 1520 545 Marius
1535 509 1550 544 ?

226 573 364 621 Quid?
422 572 719 611 Heracliensem
747 573 911 610 Alexam
936 574 976 609 P.
1000 572 1173 618 Crassus,
1197 573 1252 609 vir
1271 572 1545 621 amplissian

225 650 272 675 ex
292 650 338 675 ea
358 638 512 675 civitate
529 650 698 686 quacum
716 650 838 686 prope
852 636 1046 686 singulare
1063 638 1202 675 foedus
1222 636 1353 685 Pyrrhi
1368 636 1548 684 tempori-

224 700 298 739 bus
321 703 364 740 C.
387 701 566 739 Fabricio
586 702 748 740 consule
770 701 890 739 ictum
907 703 1095 751 putatur?
1145 702 1284 749 Quid?
1332 699 1548 738 Massilien-

225 778 308 804 sem
337 767 563 804 Aristonem
593 767 640 803 L.
673 767 808 804 Sulla?
866 767 1007 814 Quid?
1046 768 1232 816 quoniam
1264 767 1313 804 de
1344 764 1548 804 Gaditanis

170 845 207 867 10
224 831 386 880 agimus,
409 832 514 869 idem
534 844 663 869 servos
685 844 827 869 novem
850 832 1099 870 Gaditanos?
1157 831 1294 880 Quid?
1322 833 1376 868 vir
1392 832 1549 869 sanctis-

226 895 346 934 simus
367 903 405 933 et
425 909 579 933 summa
599 895 784 945 religione
805 909 850 933 ae
873 896 1077 943 modestia,
1098 898 1146 945 Q.
1172 897 1356 934 Metellus
1377 897 1480 941 Pius,
1497 896 1546 943 Q.

227 960 394 999 Fabium
421 961 710 1010 Saguntinum?
768 961 909 1009 Quid?
950 962 1013 998 hie
1043 963 1110 1010 qui
1140 962 1261 1006 adest,
1292 974 1314 998 a
1343 973 1422 1010 quo
1452 961 1548 998 haec

226 1038 327 1075 quae
354 1038 426 1075 ego
454 1038 559 1063 nunc
586 1038 769 1075 percurro
797 1025 1050 1064 subtilissime
1080 1033 1170 1063 sunt
1191 1026 1323 1063 onmia
1344 1024 1546 1074 perpolita,

228 1091 282 1127 M.
314 1091 488 1137 Crassus,
516 1104 596 1129 non
627 1092 892 1129 Aveniensem
925 1091 1168 1129 foederatum
1197 1090 1351 1128 civitate
1375 1091 1546 1136 donavit,

169 1167 205 1198 15
225 1156 347 1193 homo
368 1169 457 1193 cum
478 1157 664 1205 gravitate
680 1164 717 1194 et
740 1156 948 1206 prudentia
970 1163 1180 1205 praestans,
1201 1163 1282 1193 tum
1304 1157 1363 1192 vel
1386 1155 1549 1192 nimium

226 1234 364 1271 parcus
382 1222 421 1259 in
437 1222 635 1271 largienda
650 1221 835 1260 civitate?
886 1223 965 1259 Hic
983 1229 1024 1260 tu
1041 1222 1116 1260 Cn.
1134 1222 1296 1270 Pompei
1313 1219 1549 1259 beneficium

226 1287 286 1323 vel
314 1286 443 1336 potius
472 1286 660 1325 iudicium
693 1294 731 1324 et
762 1288 907 1324 factum
939 1286 1133 1323 infirmare
1165 1286 1326 1331 conaris,
1360 1284 1426 1334 qui
1462 1284 1551 1322 fecit

226 1352 335 1400 quod
370 1353 413 1391 C.
442 1353 613 1389 Marium
642 1351 781 1389 fecisse
811 1352 997 1398 audierat,
1031 1352 1120 1389 fecit
1146 1351 1253 1400 quod
1280 1352 1318 1387 Ρ.
1354 1350 1549 1395 Crassum,

226 1417 334 1465 quod
370 1418 414 1453 L.
451 1418 610 1465 Sullam,
646 1418 754 1466 quod
790 1418 839 1465 Q.
877 1417 1096 1462 Metellum,
1130 1417 1231 1464 quod
1256 1416 1316 1452 All.
1355 1416 1547 1461 Crassum,

169 1496 208 1518 20
227 1483 336 1531 quod
367 1483 540 1531 denique
574 1483 836 1520 domesticum
871 1488 1070 1519 auctorem
1101 1489 1248 1529 patrem
1281 1493 1394 1518 suum
1426 1481 1550 1518 facere

227 1545 404 1584 viderat?
462 1548 602 1596 Neque
635 1559 725 1584 vero
760 1545 799 1584 id
834 1547 871 1583 in
909 1558 988 1582 uno
1022 1544 1207 1584 Cornelio
1240 1544 1353 1590 fecit3
1392 1557 1480 1581 nam
1512 1552 1549 1582 et

228 1611 470 1649 Gaditanum
494 1612 786 1649 Hasdrubalem
815 1624 861 1649 ex
885 1611 990 1648 bello
1017 1611 1082 1648 illo
1110 1609 1295 1647 Africano
1319 1616 1356 1647 et
1384 1610 1550 1646 Mamer-

228 1677 329 1713 tinos
365 1677 486 1715 Ovios
523 1684 560 1714 et
595 1677 788 1725 quosdam
824 1675 1021 1714 Vticensis
1063 1682 1100 1713 et
1141 1673 1375 1723 Saguntinos
1407 1673 1549 1711 Fabios

227 1741 381 1779 civitate
408 1742 582 1779 donavit.
641 1742 799 1779 Etenim
831 1754 921 1778 cum
948 1740 1085 1778 ceteris
1116 1738 1296 1788 praemiis
1325 1737 1432 1787 digni
1461 1745 1550 1775 sunt

169 1824 206 1855 25
226 1806 293 1855 qui
315 1820 385 1845 suo
406 1807 538 1845 labore
560 1814 597 1844 et
619 1807 792 1855 periculo
815 1813 987 1844 nostram
1003 1817 1083 1842 rem
1102 1803 1298 1853 publicam
1321 1803 1548 1847 defendunt,

225 1879 308 1909 tum
336 1879 439 1909 certe
464 1870 680 1920 dignissimi
710 1878 800 1907 sunt
821 1871 887 1918 qui
916 1868 1070 1906 civitate
1096 1881 1141 1905 ea
1170 1867 1365 1904 donentur
1385 1879 1454 1915 pro
1475 1879 1550 1915 qua

225 1937 396 1986 pericula
416 1949 461 1974 ac
486 1937 561 1974 tela
587 1934 800 1973 subierunt.
862 1937 993 1982 Atque
1020 1934 1167 1970 utinam
1198 1931 1263 1980 qui
1292 1930 1437 1979 ubique
1461 1939 1550 1968 sunt

270 2049 288 2077 5
309 2039 345 2069 C.
361 2039 486 2069 Marius
500 2039 601 2078 suppl.
616 2037 730 2077 Lange
817 2039 838 2067 6
856 2036 1108 2066 Heracliensem
1123 2033 1240 2064 Lamh.
1257 2044 1263 2063 :
1282 2031 1476 2062 heraclesim
1488 2030 1552 2061 PB

225 2093 246 2121 9
273 2083 308 2113 L.
327 2082 402 2112 add.
416 2082 531 2112 Baiter
677 2092 714 2112 10
738 2090 854 2111 servos
875 2090 993 2110 novem
1013 2078 1114 2109 Reid:
1142 2086 1342 2107 erosnovem
1362 2074 1423 2106 Pl:
1450 2075 1551 2104 heros

226 2135 346 2155 novem
375 2125 439 2155 rell.
460 2137 466 2156 :
506 2125 709 2155 Hannonem
744 2124 945 2155 Gaditanum
982 2121 1094 2153 Garat.
1110 2132 1116 2150 t
1157 2120 1310 2151 Erosium
1345 2118 1548 2148 Gaditanum

224 2167 351 2199 Halm:
377 2169 529 2199 homines
542 2178 662 2198 novem
678 2167 761 2198 Gad.
779 2165 1051 2205 lVrampelmeyer
1143 2174 1179 2201 13
1203 2166 1359 2202 perorata
1374 2160 1550 2191 Lehmann

228 2222 266 2251 14
299 2212 529 2243 Aveniensem
554 2211 657 2242 Reid:
682 2211 924 2242 auenniensem
942 2209 1020 2239 Hk:
1047 2216 1276 2238 auennensem
1293 2205 1356 2234 rell.
1381 2208 1508 2244 practer
1522 2214 1551 2251 Ψ

227 2256 449 2295 (anniensem,
477 2267 492 2287 c
506 2255 739 2293 anemonsem)
880 2263 917 2291 19
941 2252 1027 2291 quod
1049 2251 1091 2281 M.
1114 2250 1270 2280 Crassum
1290 2248 1376 2279 Bait.
1399 2251 1482 2277 auct.
1502 2246 1551 2294 (nc

225 2299 300 2330 add.
320 2299 419 2329 Klolz
506 2309 547 2329 22
572 2299 716 2329 Asdrub.
737 2298 824 2328 codd.
843 2299 967 2335 praeter
985 2294 1027 2325 62
1044 2294 1141 2330 tSesl.
1165 2296 1179 2330 ξ
1202 2293 1276 2330 Ι42Ἲ,
1379 2290 1547 2338 23·Ονιοε

225 2342 410 2373 Buclmncm
425 2355 430 2374 :
458 2343 576 2373 obvios
592 2341 678 2372 codd.
794 2340 912 2370 Fabios
929 2338 985 2369 del.
1003 2337 1094 2367 Paul
1247 2346 1285 2372 24
1313 2335 1449 2363 donavit
1467 2333 1526 2364 ‘sur
1542 2343 1548 2360 :

227 2396 294 2418 om.
312 2386 344 2416 P
359 2386 425 2417 rell.
