1774 2782
187 134 238 172 24
260 141 296 170 55
626 124 682 159 Μ.
714 123 882 158 TVLLI
915 122 1220 160 CICERONIS

193 991 242 1030 25

204 1043 241 1073 :6

213 2204 250 2224 g*

211 2216 245 2236 ιλ

259 233 470 271 nominata.
523 231 601 268 Sed
622 243 711 268 curn
729 231 833 268 illam
856 243 956 279 quae
974 231 1169 269 Graecum
1192 229 1286 267 illud
1304 242 1455 267 sacrum
1477 243 1584 267 mon-

259 305 394 336 straret
414 303 453 335 et
473 297 616 334 faceret
637 309 683 333 ex
704 295 868 333 Graecia
889 295 1114 343 deligerent,
1133 301 1264 332 tamen
1282 307 1389 332 sacra
1408 307 1479 344 pro
1498 294 1586 331 civi-

258 363 332 400 bus
353 363 479 399 civem
497 362 624 398 facere
642 361 858 406 voluerunt,
876 367 917 397 ut
932 360 1028 398 deos
1050 358 1279 397 immortalis
1300 358 1462 396 scientia
1482 371 1587 408 pere-

258 428 367 477 grina
387 434 425 464 et
447 433 614 472 externa,
638 432 770 462 rnente
791 426 1009 463 domestica
1031 431 1068 461 et
1089 423 1189 460 civili
1212 431 1441 472 precaretur.
1501 424 1587 460 Has

261 492 484 529 sacerdotes
505 489 621 528 video
647 491 725 527 fere
750 497 816 527 aut
838 488 1121 539 Neapolitanas
1149 496 1214 526 aut
1236 487 1429 526 Veliensis
1457 487 1586 534 fuisse,
1608 499 1626 530 5

261 558 547 595 foederatarum
569 556 653 593 sine
674 555 797 593 dubio
818 555 1030 592 civitatum.
1092 553 1210 591 Mitto
1230 560 1384 600 vetera3
1413 553 1589 602 proxime

262 622 352 660 dico
373 629 464 659 ante
484 620 681 659 civitatem
704 619 956 658 Veliensibus
985 620 1116 658 datam
1144 619 1194 657 de
1219 626 1375 656 senatus
1397 618 1590 657 sententia

262 688 307 726 C.
340 687 540 724 Valerium
570 687 765 732 Flaccum,
794 693 1013 734 praetorem
1042 685 1247 731 urbanum,
1278 683 1510 722 nominatim
1539 685 1590 721 ad

262 753 452 801 populum
474 752 524 789 de
546 751 779 800 Calliphana
802 751 998 797 Veliense,
1021 757 1062 788 ut
1091 762 1137 787 ea
1157 749 1250 787 civis
1273 751 1455 787 Romana
1475 755 1587 794 esset,

262 818 408 855 tulisse.
467 818 574 854 Num
603 815 717 866 igitur
743 823 809 853 aut
831 816 975 853 fundos
999 816 1122 853 factos
1143 815 1349 860 Veliensis,
1374 821 1440 852 aut
1469 827 1590 852 sacer·
1614 829 1652 851 10

263 884 396 921 dotem
416 882 520 919 illam
542 882 667 919 civem
684 882 909 918 Romanam
933 882 1074 918 factam
1098 894 1178 918 non
1199 893 1294 927 esse,
1313 887 1379 918 aut
1397 880 1535 918 foedus
1553 887 1590 917 et

262 963 284 988 a
306 957 443 987 senatu
466 956 502 986 et
524 961 546 985 a
567 949 715 997 populo
739 949 923 986 Romano
945 947 1131 986 violatum
1153 946 1412 985 arbitramur?

320 1015 522 1063 Intellego,
543 1012 702 1060 iudices,
723 1013 760 1049 in
783 1026 900 1050 causa
920 1019 1053 1062 aperta
1067 1013 1310 1061 minimeque
1326 1011 1447 1050 dubia
1466 1011 1591 1049 multo

266 1089 303 1118 et
324 1081 435 1129 plura
455 1086 530 1117 eta
552 1077 727 1127 pluribus
748 1077 992 1127 peritissimis
1013 1089 1098 1115 esse
1119 1076 1223 1115 dicta
1243 1090 1361 1126 quam
1384 1089 1442 1114 res
1462 1083 1593 1125 postu-

265 1148 372 1183 laret.
432 1145 510 1183 Sed
532 1145 571 1182 id
592 1145 737 1181 factum
760 1151 828 1190 est,
849 1157 928 1181 non
950 1151 992 1181 ut
1014 1142 1124 1181 vobis
1144 1155 1226 1180 rem
1246 1150 1324 1180 tam
1346 1141 1591 1191 perspicuam
1616 1158 1652 1189 15

266 1211 438 1250 dicendo
468 1210 734 1260 probaremus,
767 1222 901 1246 verum
937 1216 979 1247 ut
1009 1208 1186 1247 omnium
1221 1207 1491 1245 malivolorum
1525 1205 1593 1243 ini-

266 1289 434 1325 quorum
457 1274 738 1312 invidiosorum
762 1275 915 1312 animos
938 1275 1229 1323 frangeremus3
1257 1286 1356 1322 quos
1377 1279 1419 1310 ut
1438 1284 1593 1309 accusa-

266 1349 326 1379 tor
356 1341 593 1385 incenderet,
627 1346 668 1376 ut
697 1339 815 1388 aliqui
847 1352 1048 1377 sermones
1077 1340 1283 1376 hominum
1313 1338 1449 1376 alienis
1477 1336 1594 1374 bonis

268 1407 525 1444 maerentium
547 1405 664 1443 etiam
686 1405 736 1442 ad
754 1412 897 1442 vestras
914 1405 1015 1442 auris
1037 1411 1309 1453 permanarent
1329 1410 1368 1441 et
1388 1403 1428 1439 in
1449 1401 1594 1439 iudicio

268 1473 354 1521 ipso
375 1471 650 1516 redundarent,
672 1470 817 1508 idcirco
835 1470 897 1507 illa
920 1469 958 1506 in
980 1470 1088 1507 omni
1106 1476 1214 1518 parte
1235 1469 1421 1506 orationis
1443 1479 1595 1504 summa
1619 1481 1657 1503 20

267 1544 349 1574 arte
383 1536 561 1585 adspergi
602 1534 815 1582 videbatis;
852 1543 933 1572 tum
965 1535 1173 1583 pecuniam
1209 1535 1250 1571 L.
1290 1531 1459 1577 Corneli,
1495 1544 1596 1581 quae

269 1614 399 1651 neque
430 1600 623 1639 invidiosa
650 1608 708 1638 est
736 1607 783 1646 et,
808 1608 1129 1649 quantacumque
1151 1606 1220 1646 est,
1244 1599 1327 1636 eius
1348 1598 1455 1636 modi
1477 1604 1534 1635 est
1554 1603 1596 1634 ut

269 1674 497 1705 conservata
513 1666 637 1715 magis
651 1678 771 1714 quam
785 1675 963 1715 correpta
977 1677 1063 1703 esse
1075 1664 1252 1702 videatur
1261 1678 1270 1711 3
1298 1671 1381 1702 tum
1393 1662 1596 1706 luxuriam,

270 1746 371 1782 quae
396 1745 475 1770 non
503 1730 666 1770 crimine
695 1731 827 1780 aliquo
857 1729 1042 1776 libidinis,
1067 1730 1137 1767 sed
1164 1728 1367 1767 communi
1388 1726 1597 1765 maledicto

271 1797 505 1843 notabatur3
533 1803 617 1834 tum
640 1797 923 1841 Tusculanum,
950 1795 1057 1844 quod
1081 1795 1129 1842 Q.
1154 1792 1306 1831 Metelli
1326 1792 1444 1830 fuisse
1464 1791 1597 1830 memi-
1620 1804 1658 1835 25

270 1870 380 1901 nerat
410 1869 447 1900 et
478 1863 521 1899 L.
553 1861 693 1907 Crassi,
729 1862 914 1900 Crassum
952 1860 1093 1898 emisse
1127 1860 1177 1897 de
1212 1857 1395 1897 libertino
1423 1857 1595 1903 homine,

273 1927 447 1968 Soterico
474 1927 636 1974 Marcio,
660 1928 710 1965 ad
739 1928 946 1965 Metellum
976 1925 1199 1976 pervenisse
1226 1926 1275 1962 de
1296 1922 1482 1961 Vennoni
1505 1923 1598 1959 Vin-

272 1993 350 2032 dici
374 1992 487 2031 bonis
510 2005 590 2030 non
615 1993 785 2030 tenebat.
849 1992 974 2031 Simul
996 1991 1093 2029 illud
1116 1989 1326 2035 nesciebat,
1350 1987 1597 2038 praediorum

272 2059 421 2095 nullam
444 2071 528 2096 esse
549 2066 718 2108 gentem,
740 2057 1009 2108 emptionibus
1031 2070 1077 2095 ea
1098 2056 1222 2094 solere
1243 2067 1359 2104 saepe
1380 2053 1430 2091 ad
1450 2051 1598 2090 alienos

274 2124 465 2170 homines,
499 2137 614 2173 saepe
645 2125 696 2161 ad
727 2123 895 2170 infimos,
928 2136 1008 2160 non
1044 2121 1194 2171 legibus
1228 2127 1430 2169 tamquam
1459 2118 1598 2155 tutelas
1620 2128 1661 2158 30

273 2189 486 2240 pervenire.
548 2190 760 2228 Obiectum
789 2196 846 2227 est
875 2187 992 2226 etiam
1020 2187 1129 2236 quod
1155 2186 1194 2223 in
1220 2185 1364 2223 tribum
1390 2181 1600 2222 Clustumi-

319 2305 357 2325 12
378 2294 619 2325 arbitramurb:
637 2293 878 2323 arbitrabamur
887 2291 927 2321 Ρ1
936 2289 1026 2321 G¹E2
1043 2288 1304 2320 arbitrabimurk
1318 2286 1381 2317 rell.
1458 2296 1496 2324 14
1513 2284 1600 2324 peri-

270 2339 412 2370 tissimis
431 2339 565 2368 ‘malim
583 2337 702 2367 abesse'
720 2337 848 2366 Baiter:
875 2334 1077 2374 peritissime
1093 2333 1186 2362 Paul
1296 2341 1331 2368 17
1356 2330 1599 2359 invidiosorum

270 2381 395 2413 PBHk
411 2393 419 2413 z
442 2382 633 2412 invidorum
650 2379 711 2409 GE
835 2379 874 2408 18
897 2378 1099 2408 accenderet
1116 2376 1173 2406 ΒΣ
1285 2385 1327 2404 20
1350 2384 1412 2404 sua
1426 2370 1601 2402 PBGku

271 2435 312 2465 27
338 2426 381 2457 de
397 2425 544 2456 Venonii
560 2423 706 2455 Vindicii
724 2422 917 2463 Naugerius
937 2422 1006 2463 (2):
1034 2420 1158 2451 debent
1175 2418 1256 2449 noni
1277 2417 1376 2448 indici
1393 2416 1482 2448 codd.
