1774 2782
693 150 1101 192 PRAEFATIO

232 277 322 310 erat
355 269 550 309 condicio
585 281 681 307 cum
714 266 902 319 primum
936 265 1054 304 libris
1084 265 1305 317 impressis
1335 271 1397 304 cst
1433 278 1553 304 com-

232 339 411 388 missus3
446 350 632 389 namque
664 335 859 388 pluribus
891 334 1043 374 hiabat
1076 334 1116 373 in
1154 334 1269 383 locis,
1297 339 1340 373 ct
1376 347 1553 373 manum

232 406 594 459 interpolatricem
612 418 740 457 saepe
757 417 936 444 numero
953 403 1182 443 videbatur
1196 403 1429 456 pertulisse.
1466 400 1553 442 Sed

230 477 340 516 hanc
362 476 534 529 culpam
558 488 641 514 non
665 474 705 513 in
730 474 870 526 ipsum
901 472 1095 512 Tullium
1119 474 1193 512 sed
1217 473 1259 511 in
1283 472 1553 512 librariorum

231 559 392 585 errores
434 543 688 598 plerumque
736 542 1039 582 conferendam
1087 554 1179 581 esse
1224 541 1421 581 meliores
1470 541 1553 580 iam

230 614 343 654 nacti
361 613 493 653 libros
510 612 699 652 dilucide
716 624 946 664 possumus
962 611 1270 651 demonstrare.
1325 609 1424 662 Quo
1441 610 1554 649 enim

230 689 429 735 tempore
446 681 634 722 W'olfius
650 680 804 720 harum
829 686 1034 732 quattuor
1053 679 1299 719 orationum
1323 679 1554 719 editionem

231 752 405 801 curavit,
426 751 619 791 nondum
651 750 692 789 in
721 749 862 789 lucem
893 754 1136 802 protractus
1158 754 1249 788 erat
1272 748 1462 800 optimus
1484 747 1555 787 illc

231 822 369 861 codex
403 820 616 861 Parisinus
651 830 762 872 7794
786 817 894 874 (Ρ),1
926 819 1044 858 cuius
1076 832 1159 871 ope
1199 818 1324 858 multi
1358 817 1439 858 loci
1482 816 1555 869 qui

230 890 489 930 videbantur
540 889 742 941 corrupti,
790 896 830 929 et
879 888 920 928 in
958 888 1114 940 quibus
1155 901 1240 928 non
1283 887 1373 926 sine
1425 900 1555 926 causa

230 959 464 999 haerebant
498 959 703 1007 editores,
746 958 832 997 iam
876 958 917 996 in
955 957 1173 1010 integrum
1216 963 1314 996 sunt
1353 955 1554 995 restituti.

235 1028 363 1068 Hunc
412 1041 497 1081 ego
539 1027 695 1067 librum
739 1035 835 1080 post
885 1026 1044 1067 multos
1095 1027 1238 1066 denuo
1286 1023 1470 1072 excussi,
1512 1031 1556 1064 et

230 1097 435 1150 quoniam
454 1098 496 1137 in
512 1097 596 1138 hoc
614 1097 898 1137 fundamento
921 1096 1071 1136 nititur
1093 1095 1287 1136 omnium
1307 1095 1552 1135 orationum

230 1180 340 1218 quae
361 1167 403 1206 in
423 1166 506 1207 hoc
528 1166 751 1206 volumine
774 1165 1049 1205 continentur
1071 1170 1314 1213 contextus,
1338 1164 1465 1204 liceat
1487 1163 1556 1203 hic

230 1249 366 1288 pauca
387 1234 570 1289 praefari
593 1242 634 1275 et
657 1236 710 1275 de
728 1235 821 1287 ipso
844 1235 935 1274 cod.
958 1234 1000 1273 Ρ
1022 1241 1064 1274 et
1087 1235 1140 1274 de
1163 1235 1309 1274 ceteris
1330 1233 1403 1287 qui
1427 1233 1481 1273 ab
1504 1246 1556 1273 eo

230 1305 409 1346 derivati
430 1312 528 1346 sunt
551 1305 785 1345 codicibus.

278 1374 416 1427 Igitur
427 1374 620 1414 omnium
632 1379 847 1426 quotquot
857 1379 1034 1412 exstant
1049 1373 1255 1413 librorum
1271 1372 1331 1412 ita
1345 1372 1552 1412 familiam

229 1443 346 1484 ducit
367 1444 461 1484 cod.
477 1443 521 1483 P
537 1449 583 1483 ut
599 1443 673 1495 qui
691 1449 834 1483 aetate
856 1442 893 1481 ei
912 1449 1029 1482 stant
1051 1442 1240 1494 proximi
1263 1441 1474 1494 originem
1498 1456 1553 1482 ex

230 1525 281 1553 co
307 1513 494 1553 traxisse
509 1511 748 1552 videantur.
799 1511 992 1551 Primum
1008 1511 1088 1551 sub
1114 1510 1242 1551 finem
1265 1510 1425 1551 saeculi
1447 1513 1553 1551 duo-

229 1581 491 1633 decimi,vel
511 1581 685 1621 ineunte
715 1594 826 1621 saec.
849 1581 939 1627 xiii,
961 1593 984 1620 e
1015 1581 1110 1621 cod.
1142 1579 1186 1619 Ρ
1215 1579 1455 1634 descriptus
1488 1587 1552 1619 est

231 1650 459 1690 Bernensis
484 1650 565 1705 136
586 1647 808 1705 (B)‚cuius
831 1649 1053 1689 librarium
1073 1649 1194 1702 signa
1216 1650 1431 1702 quaedam
1455 1649 1497 1689 in
1512 1649 1555 1688 Ρ

229 1720 438 1772 posterius
460 1719 597 1759 inlata
622 1725 819 1759 secutum
849 1732 942 1759 esse
964 1717 1288 1768 demonstravi,2
1310 1718 1467 1771 quibus
1489 1719 1552 1758 in-

229 1788 577 1841 terpunctionem
613 1788 678 1827 sui
714 1788 874 1828 codicis
915 1787 1137 1828 meliorem
1180 1787 1392 1827 redderet.
1468 1786 1554 1840 Qui

230 1870 327 1896 cum
353 1870 532 1897 manum
567 1856 750 1897 alteram
779 1856 822 1896 in
852 1856 898 1896 Ρ
925 1864 1125 1897 accurate
1151 1856 1193 1896 in
1219 1856 1420 1896 omnibus
1449 1855 1553 1895 locis

228 1933 444 1978 sequatur,
476 1939 558 1979 pro
595 1933 715 1966 certo
747 1924 964 1966 affirmare
995 1938 1228 1978 possumus
1258 1925 1473 1978 quidquid
1508 1925 1550 1964 in

229 1995 320 2035 cod.
341 1993 383 2034 B
411 2008 496 2035 non
522 1994 760 2034 inveniatur
790 1994 833 2034 id
861 2008 887 2035 a
916 1994 1152 2034 recentiore
1177 2008 1310 2047 quam
1338 1993 1400 2033 Ρ2
1422 2007 1551 2033 manu

230 2062 272 2103 in
298 2064 393 2104 cod.
416 2063 460 2103 Ρ
487 2077 578 2103 esse
598 2063 820 2118 scriptum.
884 2062 1014 2103 Hanc
1047 2076 1225 2103 manum
1252 2063 1438 2103 alteram
1460 2060 1549 2116 (ΡΞ)

229 2139 275 2173 ut
297 2131 665 2185 interpolatricem
699 2132 810 2172 salso
840 2131 1085 2185 repudiavit
1118 2130 1338 2181 Halmius,
1368 2131 1437 2170 cui
1469 2144 1552 2184 ego

228 2206 329 2254 post
361 2201 590 2242 Hertzium
632 2201 886 2241 adversatus
927 2200 1225 2240 demonstravi
1265 2199 1398 2240 verba
1439 2212 1551 2251 quac

228 2269 444 2323 supplevit
464 2268 525 2308 Ρ2
554 2269 810 2323 plerumque
837 2284 862 2310 a
892 2276 1020 2309 textu
1050 2270 1201 2309 abesse
1227 2282 1312 2309 non
1345 2282 1485 2321 posse,
1508 2275 1552 2308 ct

272 2369 281 2387 ¹
306 2369 493 2403 Chatelain.
512 2369 750 2411 Pale‘ograplu'e
764 2369 817 2400 des
834 2370 1010 2409 classiques
1027 2370 1135 2402 latins.
1160 2370 1207 2400 Pl.
1226 2370 1320 2400 xxiii.

273 2413 285 2432 ‘⁸'
310 2415 359 2445 Cf.
381 2426 465 2453 quae
484 2414 588 2445 fusius
606 2415 747 2454 exposui
769 2415 799 2443 in
821 2414 978 2445 Classical
993 2413 1176 2452 Quarlerl-jq
1198 2413 1261 2444 vol.
1282 2413 1324 2445 iv.
1340 2424 1393 2452 pp.
1417 2415 1551 2452 167—77.

866 2468 915 2506 vii
