1774 2782
135 537 153 569 5

114 865 154 886 10

110 1516 150 1538 20

109 1840 146 1872 ²5

510 152 619 190 PRO
654 153 694 190 P.
726 152 918 189 SESTIO
949 151 1166 190 ORATIO
1453 150 1498 187 16
1521 157 1561 196 38

174 260 348 311 gentium
388 263 652 311 pertinerent;
695 274 740 299 ea
779 262 1015 299 condicione
1053 273 1247 310 gesseram
1287 267 1329 298 ut
1369 271 1500 296 meum

174 327 319 364 facturn
350 338 504 376 semper
533 339 673 364 omnes
703 334 897 376 praestare
928 325 1106 375 tuerique
1135 324 1336 363 deberent.

229 392 321 429 Erat
341 399 473 429 autem
495 392 591 429 mihi
612 393 816 429 contentio
839 405 918 429 non
946 404 1036 428 cum
1058 390 1204 428 victore
1226 389 1406 435 exercitu,
1431 390 1498 426 scd
1520 402 1560 441 17

174 470 263 495 curn
285 458 413 506 operis
438 458 644 496 conductis
673 465 710 495 et
738 458 788 495 ad
813 458 1075 506 diripiendam
1102 456 1239 494 urbem
1269 455 1500 501 concitatis3

174 521 369 559 habebam
391 521 593 560 inimicum
616 535 696 559 non
715 522 759 560 C.
778 521 962 567 Marium,
981 529 1166 559 terrorem
1185 521 1369 566 hostium,
1389 532 1498 569 spem

172 586 473 636 subsidiumque
508 588 665 636 patriae,
699 587 768 624 sed
802 587 883 624 duo
919 587 1143 635 importuna
1178 585 1368 634 prodigia,
1400 596 1499 632 quos

172 658 333 700 egestas,
369 664 469 700 quos
507 652 605 689 aeris
643 650 759 689 alieni
797 650 1039 700 magnitudo,
1075 662 1175 699 quos
1214 648 1359 694 levitas,
1399 661 1497 697 quos

172 715 401 765 improbitas
431 714 590 754 tribuno
621 715 746 766 plebis
775 714 1009 753 constrictos
1038 713 1265 760 addixerat,
1300 726 1372 751 nec
1403 711 1496 750 mihi
1520 723 1559 755 39

172 788 253 819 erat
274 794 333 819 res
353 794 443 818 cum
467 781 688 827 Saturnino,
707 781 773 830 qui
791 781 900 830 quod
917 793 938 818 a
955 793 996 818 se
1017 786 1224 829 quaestore
1242 777 1413 818 Ostiensi
1431 790 1499 827 per

174 845 428 895 ignominiam
444 847 495 884 ad
509 845 726 896 principem
744 854 781 884 et
799 853 958 884 senatus
975 852 1013 883 et
1029 844 1207 891 civitatis,
1224 845 1281 882 M.
1296 845 1496 889 Scaurum,

172 924 253 949 rem
284 911 575 949 frumentariam
606 912 783 949 tralatam
814 910 973 957 sciebat,
1004 911 1181 948 dolorem
1213 923 1326 948 suum
1359 922 1499 958 magna

170 975 426 1014 contentione
445 976 565 1014 animi
594 976 913 1026 persequebatur,
937 977 1006 1014 sed
1034 989 1125 1013 cum
1151 987 1368 1013 scurrarum
1396 975 1498 1011 locu-

170 1042 332 1091 pletium
354 1049 495 1089 scorto,
518 1055 608 1079 cum
631 1040 772 1079 sororis
799 1042 990 1087 adultero,
1014 1053 1105 1078 cum
1133 1047 1354 1089 stuprorum
1377 1051 1497 1076 sacer-

170 1109 274 1154 dote,
307 1120 398 1145 cum
428 1108 617 1153 venefico,
649 1121 739 1145 cum
770 1105 1076 1152 testamentario,
1106 1119 1197 1143 cum
1228 1104 1376 1149 sicario,
1406 1117 1495 1141 cum

170 1173 344 1219 latrone,
373 1186 472 1222 quos
499 1172 681 1210 homines
708 1171 749 1218 si,
774 1172 813 1209 id
839 1172 947 1221 quod
969 1170 1081 1209 facile
1105 1172 1209 1208 factu
1231 1169 1302 1207 fuit
1330 1177 1368 1207 et
1389 1170 1497 1218 quod

170 1237 250 1275 fieri
272 1236 409 1276 debuit
430 1239 619 1287 quodque
646 1251 668 1275 a
695 1250 758 1275 me
782 1236 921 1287 optimi
950 1244 988 1274 et
1010 1235 1208 1274 fortissimi
1230 1235 1333 1273 cives
1355 1233 1496 1284 flagita-

169 1302 275 1349 bant,
297 1302 335 1340 vi
359 1302 555 1352 armisque
575 1315 832 1352 superassem,
856 1315 937 1339 non
958 1301 1118 1339 verebar
1142 1315 1193 1339 ne
1218 1300 1304 1350 quis
1331 1308 1397 1338 aut
1419 1299 1494 1336 vim

168 1366 204 1404 vi
225 1368 430 1417 depulsam
453 1368 755 1417 reprehenderet
774 1374 841 1404 aut
862 1365 1105 1416 perditorum
1122 1365 1265 1403 civium
1284 1367 1344 1403 vel
1365 1364 1494 1414 potius

168 1432 476 1470 domesticorum
493 1431 666 1470 hostium
684 1439 850 1469 mortem
868 1438 1067 1469 maereret.
1112 1432 1190 1469 Sed
1208 1444 1270 1468 me
1288 1430 1351 1468 illa
1368 1442 1495 1467 move-

170 1505 280 1535 runt:
317 1497 502 1536 omnibus
528 1496 566 1534 in
597 1496 849 1535 contionibus
880 1495 945 1533 illa
974 1495 1071 1533 furia
1101 1495 1296 1533 clamabat
1324 1507 1364 1533 se
1394 1507 1495 1544 quae

169 1565 311 1601 faceret
338 1571 475 1601 contra
499 1563 665 1600 salutem
696 1575 824 1600 meam
852 1562 978 1599 facere
1005 1568 1164 1598 auctore
1193 1561 1264 1599 Cn.
1290 1559 1492 1608 Pompeio,

168 1627 383 1666 clarissimo
402 1627 485 1665 viro
505 1626 682 1677 mihique
702 1634 741 1665 et
762 1639 866 1664 nunc
888 1633 926 1663 et
946 1626 1080 1675 quoad
1101 1624 1209 1663 licuit
1233 1623 1471 1662 amicissimo
1488 1639 1496 1670 ;

170 1694 226 1731 M.
258 1692 434 1740 Crassus,
467 1705 640 1742 quocum
671 1691 766 1729 mihi
796 1703 934 1730 omnes
965 1698 1075 1728 erant
1104 1689 1298 1728 amicitiae
1331 1689 1495 1727 necessi-

169 1757 336 1804 tudines,
367 1757 423 1795 vir
452 1757 695 1804 fortissimus,
727 1757 778 1795 ab
810 1757 949 1795 eadem
986 1755 1050 1792 illa
1081 1762 1191 1805 peste
1221 1754 1494 1792 infestissimus

167 1835 252 1861 esse
274 1822 371 1861 meis
391 1822 556 1861 fortunis
578 1821 902 1873 praedicabatur;
931 1821 976 1860 C.
997 1822 1152 1867 Caesar,
1172 1819 1239 1870 qui
1259 1833 1281 1857 a
1302 1833 1364 1858 me
1387 1821 1494 1857 nullo

168 1901 257 1926 meo
285 1887 423 1926 merito
447 1888 597 1926 alienus
625 1901 709 1926 esse
737 1887 921 1933 debebat,
945 1884 1238 1923 inimicissimus
1267 1897 1353 1923 esse
1383 1897 1493 1922 meae

166 1952 280 1991 saluti
307 1953 357 1991 ab
381 1954 524 1991 eodem
555 1952 763 1991 cotidianis
793 1950 1047 1989 contionibus
1074 1949 1290 1988 dicebatur.
1350 1950 1426 1986 His
1453 1962 1492 1987 se
1513 1962 1555 1993 40

166 2017 289 2055 tribus
321 2017 546 2056 auctoribus
581 2017 621 2054 in
655 2016 827 2055 consiliis
860 2014 1074 2065 capiendis,
1106 2013 1350 2052 adiutoribus
1383 2013 1421 2050 in
1454 2027 1492 2051 re

165 2083 337 2132 gerenda
376 2095 461 2121 esse
500 2096 661 2120 usurum
702 2081 884 2128 dicebat,
925 2094 972 2118 ex
1007 2079 1150 2130 quibus
1190 2092 1312 2116 unum
1348 2078 1492 2116 habere

214 2196 225 2216 1
262 2190 295 2216 et
321 2196 361 2216 ea
388 2187 466 2217 coni.
496 2185 623 2224 Kayser
774 2194 808 2213 11
845 2182 1038 2213 translatam
1065 2182 1143 2212 1³23
1288 2182 1324 2211 18
1360 2181 1438 2212 vel.
1458 2205 1464 2212 .
1485 2205 1491 2211 .

167 2230 314 2260 hostium
333 2240 398 2259 om.
418 2228 536 2268 Sclzol„
556 2229 624 2259 secl.
646 2228 773 2267 Kayser
864 2237 903 2266 19
930 2230 1072 2256 mortem
1090 2225 1195 2256 Sclzol.
1215 2225 1256 2262 b2,
1276 2229 1305 2255 cl
1322 2235 1414 2254 man.
1437 2234 1492 2255 rec.

165 2274 200 2303 in
211 2273 262 2303 P:
286 2283 351 2303 om.
362 2272 395 2302 Β
407 2272 468 2302 rell.
478 2276 606 2312 praeter
617 2272 636 2301 k
650 2274 785 2310 gmorte]
805 2282 811 2301 :
837 2271 972 2300 caedem
985 2273 1035 2300 tet
1044 2269 1108 2300 cod.
1123 2268 1235 2308 Steplz.
1327 2273 1493 2298 maereret

167 2315 254 2348 codd.
270 2328 275 2347 :
301 2316 472 2347 derideret
489 2315 596 2346 Sclzol.
712 2315 783 2354 illa]
803 2314 868 2344 alia
886 2313 1007 2344 Probst
1150 2314 1192 2341 26
1219 2311 1361 2341 debebat
1378 2310 1465 2340 codd.
1486 2322 1492 2340 :

167 2360 366 2390 credebatur
378 2358 487 2389 Halm
507 2361 537 2399 (ξ
551 2362 607 2399 41)
625 2370 631 2389 :
658 2358 833 2389 videbatur
848 2357 973 2388 Urlichs
1063 2366 1136 2386 esse
1153 2357 1241 2397 (ante
1252 2356 1359 2395 meae]¹
1373 2358 1401 2384 et
1416 2355 1436 2385 l.
1452 2364 1491 2392 27

167 2403 267 2434 cotid.
285 2408 374 2434 cont.
388 2413 454 2433 om.
473 2401 579 2432 Schol.
