1774 2782
350 151 459 190 PRO
491 152 534 189 L.
565 151 856 191 CORNELIO
887 153 1069 191 BALBO
1101 153 1316 192 ORATIO
1473 154 1497 191 8
1525 170 1560 202 ¹9

174 260 285 310 peius
323 262 374 299 de
413 261 551 300 consili
591 262 786 301 sententia
825 262 1048 312 singillatim
1087 263 1242 301 civitate
1281 264 1494 302 donaverit.

176 326 378 363 Donatum
400 339 485 364 esse
514 328 556 364 L.
581 328 809 366 Cornelium
834 340 1017 376 praesens
1040 328 1251 378 Pompeius
1272 328 1377 375 dicit,
1402 328 1497 367 indi-

173 398 263 428 cant
298 391 478 439 publicae
513 391 680 430 tabulae.
750 395 968 431 Accusator
1002 394 1150 440 fatetur,
1188 395 1258 432 sed
1297 403 1411 443 negat
1451 408 1497 432 ex

175 457 374 494 foederato
395 458 542 505 populo
559 470 799 507 quemquam
816 457 1000 507 potuisse,
1020 458 1093 496 nisi
1111 458 1140 496 is
1162 460 1330 508 populus
1351 460 1496 496 fundus

136 536 153 567 5
175 521 298 558 sactus
319 528 431 568 esset,
456 522 495 559 in
515 523 616 560 hanc
643 523 840 560 civitatem
862 525 1005 562 venire.
1064 524 1100 562 O
1122 525 1361 573 praeclarum
1385 524 1497 561 inter·
1519 537 1559 558 20

174 593 324 635 pretem
346 586 448 634 iuris,
465 594 666 625 auctorem
682 588 935 637 antiquitatis,
953 597 1212 627 correctorem
1229 597 1346 638 atque
1368 602 1497 627 emen-

174 652 352 690 datorem
383 661 537 691 nostrae
562 653 736 700 civitatis,
764 654 829 703 qui
858 656 959 692 lianc
986 668 1155 704 poenam
1180 654 1404 693 foederibus
1433 656 1498 692 ad—

174 717 328 763 scribat,
362 725 403 755 ut
437 718 615 756 omnium
655 720 915 768 praemiorum
955 719 1316 769 beneficiorumque
1351 727 1498 757 nostro-

174 794 260 818 rum
299 783 464 831 expertis
503 782 617 821 saciat
656 784 899 821 foederatos!
969 783 1077 831 Quid
1116 785 1221 821 enim
1256 785 1381 832 potuit
1421 782 1498 821 dici

117 860 155 883 10
175 845 391 896 imperitius
419 860 538 896 quam
566 848 787 885 foederatos
815 849 982 897 populos
1011 849 1091 886 fieri
1120 849 1263 886 fundos
1291 849 1498 897 oportere?

175 925 267 949 nam
289 912 328 949 id
344 924 424 949 non
442 911 563 960 magis
585 920 642 950 est
659 913 858 961 proprium
876 913 1162 950 foederatorum
1181 925 1296 960 quam
1319 913 1497 950 omnium

175 975 398 1014 liberorum.
469 977 547 1014 Sed
585 984 712 1014 totum
747 977 834 1023 hoc,
870 975 1029 1023 iudices,
1065 978 1103 1014 in
1138 990 1183 1014 ea
1221 978 1292 1014 suit
1326 977 1495 1026 positum

175 1054 329 1090 semper
360 1042 510 1079 ratione
541 1049 659 1090 atque
691 1042 885 1079 sententia
916 1049 968 1088 ut,
1003 1055 1093 1079 cum
1126 1041 1297 1079 iussisset
1330 1043 1498 1091 populus

176 1106 382 1143 Romanus
409 1106 568 1154 aliquid,
591 1107 622 1143 si
651 1106 689 1143 id
716 1105 972 1144 adscivissent
999 1107 1093 1143 socii
1122 1107 1256 1155 populi
1283 1118 1328 1143 ac
1356 1107 1495 1151 Latini,

118 1185 155 1216 ¹5
176 1178 213 1208 et
234 1169 264 1208 si
285 1184 331 1208 ea
352 1171 422 1217 lex,
445 1183 563 1220 quam
591 1183 662 1208 nos
691 1170 934 1217 haberemus,
959 1172 1097 1208 eaden]
1126 1170 1164 1207 in
1193 1172 1339 1219 populo
1366 1172 1498 1220 aliquo

176 1242 376 1283 tamquam
399 1236 436 1272 in
459 1235 582 1273 fundo
604 1234 821 1282 resedisset,
846 1243 887 1272 ut
909 1243 991 1273 tum
1013 1236 1096 1284 lege
1121 1236 1259 1273 eadem
1282 1234 1311 1273 is
1334 1237 1500 1284 populus

176 1307 382 1346 teneretur,
404 1313 484 1337 non
513 1308 554 1338 ut
581 1301 631 1338 de
659 1308 792 1338 nostro
821 1301 901 1338 iure
928 1301 1077 1349 aliquid
1105 1301 1406 1347 deminueretur‚
1430 1301 1499 1339 sed

176 1372 219 1402 ut
249 1364 302 1402 illi
331 1364 466 1414 populi
495 1373 561 1402 aut
592 1366 673 1403 iure
703 1378 751 1403 eo
782 1367 890 1414 quod
920 1378 941 1402 a
967 1364 1081 1402 nobis
1111 1373 1212 1403 esset
1242 1367 1498 1403 constitutum

176 1437 244 1467 aut
271 1430 404 1478 aliquo
430 1431 644 1467 commodo
670 1438 737 1468 aut
766 1429 959 1467 beneficio
988 1438 1200 1467 uterentur.
1258 1431 1364 1467 Tulit
1395 1431 1499 1479 apud
1522 1442 1557 1464 21

119 1506 159 1528 20
178 1496 343 1533 maiores
366 1503 517 1533 nostros
539 1496 664 1544 legem
687 1496 731 1533 C.
749 1495 886 1532 Furius
909 1496 958 1532 de
979 1496 1233 1541 testamentis,
1253 1496 1337 1532 tulit
1361 1496 1408 1542 Q.
1425 1497 1500 1533 Vo-

177 1561 314 1598 conius
331 1560 380 1598 de
397 1559 603 1597 mulierum
620 1559 902 1598 hereditatibus
919 1574 928 1606 3
958 1559 1262 1597 innumerabiles
1278 1559 1376 1597 aliae
1397 1561 1500 1609 leges

177 1626 228 1663 de
249 1624 350 1663 civili
372 1623 451 1662 iure
473 1632 562 1662 sunt
584 1626 708 1671 latae,
736 1638 832 1674 quas
851 1625 978 1661 Latini
996 1625 1212 1671 voluerunt,
1228 1624 1500 1672 adsciverunt;

178 1690 262 1739 ipsa
282 1690 454 1738 denique
476 1689 585 1736 Iulia,
602 1703 679 1739 qua
699 1691 783 1739 lege
805 1689 938 1727 civitas
959 1696 1016 1726 est
1038 1689 1152 1726 sociis
1174 1697 1210 1727 et
1229 1688 1375 1726 Latinis
1397 1690 1497 1735 data,

179 1755 245 1804 qui
273 1756 383 1793 fundi
411 1755 545 1804 populi
573 1756 662 1793 faeti
694 1768 774 1793 non
805 1762 935 1792 essent
962 1754 1157 1792 civitatem
1189 1767 1268 1792 non
1297 1754 1497 1792 haberent.

119 1833 157 1864 25
179 1821 227 1858 In
249 1832 329 1869 quo
351 1832 491 1868 magna
514 1821 716 1858 contentio
746 1818 1061 1857 Heracliensium
1090 1827 1128 1856 et
1151 1818 1499 1868 Neapolitanorum

178 1884 261 1930 suit,
282 1897 374 1923 cum
392 1898 531 1934 magna
547 1898 633 1934 pars
655 1884 694 1922 in
716 1885 759 1921 iis
776 1883 997 1922 civitatibus
1015 1885 1182 1921 foederis
1203 1883 1260 1920 sui
1283 1884 1500 1921 libertatem

178 1949 324 1988 civitati
351 1951 568 1988 anteferret.
630 1951 833 1987 Postremo
861 1950 957 1986 haec
985 1949 1040 1986 vis
1068 1956 1125 1985 est
1148 1947 1255 1985 istius
1281 1956 1318 1985 et
1347 1947 1436 1984 iuris
1463 1955 1500 1984 ct

179 2015 298 2061 verbi,
319 2022 363 2053 ut
387 2015 495 2053 fundi
527 2016 661 2064 populi
688 2013 881 2052 beneficio
907 2021 1051 2059 nostr0,
1076 2026 1154 2050 non
1181 2026 1252 2050 suo
1282 2013 1362 2050 iure
1393 2013 1497 2049 siant.

179 2082 284 2120 Cum
303 2080 451 2129 aliquid
473 2081 640 2129 populus
662 2081 867 2117 Romanus
889 2080 1008 2124 iussit,
1032 2079 1071 2116 id
1092 2079 1120 2115 si
1150 2085 1207 2115 cst
1228 2077 1310 2114 eius
1332 2077 1437 2114 modi
1461 2085 1499 2114 ut
1524 2092 1559 2113 22

119 2159 160 2191 30
179 2145 415 2194 quibusdam
435 2146 597 2194 populis,
618 2143 697 2181 sive
714 2143 919 2182 foederatis
937 2143 1016 2180 sive
1037 2142 1176 2188 liberis,
1197 2141 1498 2190 permittendum

179 2224 264 2249 esse
293 2211 469 2248 videatur
499 2218 540 2247 ut
570 2217 740 2247 statuant
770 2210 842 2258 ipsi
875 2221 953 2246 non
984 2209 1034 2246 de
1066 2208 1206 2245 nostris
1238 2208 1304 2244 scd
1342 2207 1391 2244 dc
1423 2205 1500 2243 suis

223 2324 244 2352 9
261 2313 381 2343 saciant
396 2312 570 2343 Lehmann
621 2323 658 2351 13
677 2323 706 2352 p.
718 2311 987 2351 R.ccl.llcwag.:
1006 2316 1140 2350 praetor
1153 2309 1241 2340 codd.
1295 2320 1394 2348 19-27
1413 2310 1501 2340 Tulit

209 2381 217 2388 .
238 2381 245 2388 .
265 2358 449 2386 anteferret
474 2368 539 2387 om.
559 2356 612 2386 Hc
647 2367 711 2385 non
729 2356 784 2387 kl:
817 2366 850 2384 m
877 2365 943 2393 mg.
965 2354 1074 2394 suppl.
1094 2355 1124 2382 (1²
1286 2363 1325 2390 23
1350 2363 1412 2391 qua
1431 2352 1499 2384 secl.

181 2400 324 2439 lllnellct,
340 2401 439 2439 quiet
454 2399 571 2429 civitas
586 2399 658 2439 (ita)
673 2404 723 2428 est
742 2423 746 2428 .
761 2423 766 2428 .
780 2422 786 2429 .
803 2400 878 2428 data
892 2399 954 2439 (ut)
972 2398 1025 2436 qui
1039 2397 1128 2427 fundi
1142 2397 1247 2425 scribit
1334 2406 1374 2435 25
1393 2396 1498 2426 Hera-

181 2444 353 2474 cliensium
373 2443 418 2474 ecl.
438 2443 478 2474 R.
498 2455 504 2474 :
530 2443 774 2473 heraclensium
793 2441 881 2472 codd.
987 2443 1028 2470 26
1054 2441 1104 2470 liis
1122 2440 1153 2469 P
1166 2441 1282 2479 clplcr.
