1774 2782
205 139 290 177 513
618 130 673 165 M.
706 129 874 165 TVLLI
907 128 1214 167 CICERONIS

193 1056 220 1092 6

181 1126 219 1157 ¹4

250 236 468 276 scientem?
520 236 559 275 Si
581 237 879 282 scientem,—O
895 249 1041 274 nomen
1059 236 1181 275 nostri
1197 238 1334 287 imperi
1351 240 1358 276 1
1390 239 1426 277 O
1443 239 1578 288 populi

252 302 422 340 Romani
443 303 637 340 excellens
654 301 822 351 dignitas
840 305 846 338 ἔ
877 303 913 340 Ο
931 303 1004 340 Cn.
1025 302 1189 352 Pompei
1211 302 1265 340 sic
1286 304 1362 341 late
1381 305 1577 353 longeque

250 368 389 405 diffusa
424 368 506 404 laus
542 374 583 404 ut
616 366 698 404 eius
732 366 876 415 gloriae
908 366 1153 404 domicilium
1184 367 1407 405 communis
1439 368 1576 417 imperi

250 432 393 469 finibus
428 433 680 470 terminetur!
726 432 762 470 O
798 434 988 479 nationes,
1024 432 1151 480 urbes,
1186 433 1333 483 populi,
1369 446 1488 483 reges,
1524 442 1578 472 te-

248 498 433 544 trarchae,
458 498 801 547 tyranni,——testes
823 499 897 537 Cn.
923 499 1086 547 Pompei
1109 511 1189 536 non
1217 500 1345 536 solum
1366 498 1514 536 virtutis
1535 498 1574 535 in
1596 515 1613 546 5

249 562 352 600 bello
387 563 456 600 sed
487 561 604 600 etiam
635 561 833 611 religionis
864 563 903 600 in
934 566 1053 612 pace!
1112 564 1195 600 Vos
1225 564 1408 612 denique,
1443 571 1575 601 mutae

246 629 435 677 regiones,
460 628 637 676 imploro,
661 635 699 665 et
728 628 810 665 sola
837 635 1024 665 terrarum
1052 629 1302 675 ultimarum,
1330 641 1411 674 vos,
1441 630 1572 676 maria,

245 701 391 742 portu5‚
415 694 577 739 insulae,
600 694 712 730 litora
730 695 736 730 1
795 692 909 739 Quae
930 701 987 731 est
1009 692 1114 730 enim
1136 706 1214 737 ora,
1236 705 1337 742 quae
1358 693 1482 739 sedes,
1507 693 1574 742 qui

245 760 354 796 locus
382 759 420 795 in
449 770 528 807 quo
559 770 639 795 non
668 765 819 795 exstent
847 758 963 795 huius
993 770 1084 795 cum
1112 758 1350 795 fortitudinis
1377 765 1460 795 tum
1481 771 1573 795 vero

244 823 508 869 humanitatis,
525 835 614 859 cum
630 823 749 859 animi
765 830 847 859 tum
865 821 1002 860 consili
1020 823 1208 871 impressa
1221 822 1410 870 vestigia?
1449 823 1572 859 Hunc
1597 838 1633 859 10

243 889 464 937 quisquam,
481 886 700 925 incredibili
718 888 889 936 quadam
907 895 1025 936 atque
1042 888 1218 925 inaudita
1233 886 1419 936 gravitate
1433 887 1572 926 virtute

242 953 462 991 constantia
493 953 725 1002 praeditum,
751 953 910 991 foedera
940 953 1129 990 scientem
1160 951 1376 1002 neglexisse
1405 954 1571 991 violasse

242 1019 391 1068 rupisse
412 1019 542 1056 dicere
562 1017 754 1055 audebit?

295 1083 545 1122 Gratificatur
575 1084 669 1121 mihi
694 1091 806 1133 gestu
833 1091 1060 1122 accusator:
1101 1085 1332 1122 inscientem
1358 1084 1432 1123 Cn.
1458 1085 1570 1121 Pom-

240 1149 372 1199 peium
395 1149 532 1188 fecisse
554 1149 929 1202 significat‚—†quasi
950 1163 1042 1188 vero
1063 1151 1184 1188 levius
1206 1151 1265 1196 sit,
1288 1163 1379 1187 cum
1401 1150 1440 1186 in
1462 1157 1569 1187 tanta
1594 1165 1627 1195 ¹5

240 1228 279 1252 re
301 1215 458 1264 publica
479 1227 630 1253 versere
651 1222 689 1252 et
711 1216 889 1252 maximis
910 1215 1076 1264 negotiis
1097 1214 1254 1264 praesis,
1273 1216 1400 1252 facere
1420 1214 1568 1263 aliquid

239 1280 349 1328 quod
370 1279 469 1317 scias
490 1293 571 1317 non
598 1279 725 1326 licere,
749 1292 868 1329 quam
896 1279 1061 1317 omnino
1088 1292 1168 1318 non
1194 1281 1291 1317 scire
1312 1279 1408 1328 quid
1430 1280 1543 1317 liceat
1561 1283 1567 1317 1

240 1344 399 1382 Etenim
424 1352 553 1382 utrum
575 1345 705 1393 quiin
731 1345 926 1394 Hispania
952 1344 1099 1383 bellum
1130 1344 1361 1382 acerrimum
1389 1352 1427 1382 et
1452 1347 1569 1382 maxi-

239 1423 346 1446 mum
369 1418 539 1459 gesserat
567 1422 646 1458 quo
668 1410 749 1447 iure
778 1410 975 1447 Gaditana
1002 1410 1136 1447 civitas
1157 1422 1243 1447 esse
1268 1408 1479 1456 nesciebat,
1503 1423 1564 1456 an,

237 1488 328 1511 cum
350 1474 409 1512 ius
438 1474 540 1512 illius
568 1474 703 1523 populi
732 1481 875 1520 nosset,
900 1473 1261 1523 interpretationem
1290 1473 1457 1511 foederis
1486 1487 1565 1511 non
1588 1489 1627 1510 20

236 1540 425 1578 tenebat?
495 1540 543 1578 Id
582 1540 696 1589 igitur
731 1540 940 1588 quisquam
980 1539 1055 1578 Cn.
1093 1540 1327 1588 Pompeium
1367 1540 1565 1588 ignorasse

236 1604 367 1642 dicere
397 1603 559 1642 audebit
590 1605 698 1653 quod
729 1604 947 1642 mediocres
978 1604 1170 1650 homines,
1203 1604 1311 1653 quod
1341 1605 1450 1641 nullo
1480 1617 1566 1650 usu,

236 1670 344 1707 nullo
372 1669 504 1707 studio
532 1668 697 1718 praediti
725 1668 892 1715 militari,
916 1670 1025 1719 quod
1053 1669 1237 1707 librarioli
1266 1670 1438 1718 denique
1468 1668 1565 1707 scire

195 1749 208 1778 .'
235 1747 270 1770 se
291 1735 580 1784 profiteantur?
637 1733 835 1783 Equidem
857 1742 995 1771 contra
1015 1733 1205 1780 existimo,
1229 1734 1389 1780 iudices,
1413 1747 1503 1772 cum
1524 1734 1563 1771 in

234 1799 343 1837 omni
372 1811 515 1847 genere
543 1811 590 1836 ac
619 1798 804 1837 varietate
834 1800 986 1846 artium,
1016 1800 1134 1836 etiam
1166 1800 1317 1837 illarum
1348 1812 1449 1848 quae
1479 1799 1564 1837 sine
1585 1814 1622 1845 25

235 1878 391 1902 summo
421 1864 502 1903 otio
533 1877 613 1902 non
644 1865 756 1903 facile
786 1864 1000 1911 discuntur,
1035 1865 1107 1903 Cn.
1142 1865 1355 1913 Pompeius
1385 1865 1558 1911 excellat,

234 1930 470 1979 singularem
513 1930 713 1979 quandam
759 1931 917 1968 laudem
964 1937 1001 1968 et
1041 1929 1315 1979 praestabilem
1357 1931 1436 1967 eius
1478 1943 1562 1968 esse

234 1995 438 2033 scientiam
465 1995 505 2032 in
530 1994 765 2041 foederibus,
790 1994 1049 2044 pactionibus,
1073 1993 1375 2032 condicionibus
1400 1996 1563 2043 populo—

232 2074 329 2107 rum,
353 2074 499 2110 regum‚
523 2068 739 2098 exterarum
769 2062 985 2107 nationum,
1010 2061 1048 2097 in
1071 2060 1254 2097 universo
1275 2059 1447 2108 denique
1468 2059 1561 2098 belli

278 2175 291 2194 1
319 2164 461 2195 alterum
487 2165 650 2195 scientem
675 2163 766 2195 codd.
787 2168 915 2204 praeter
940 2163 1001 2194 GE
1019 2163 1250 2204 (inscientem)
1390 2172 1427 2201 15
1452 2162 1560 2194 levius

232 2208 320 2239 codd.
331 2208 393 2247 (CI.
405 2208 520 2247 Qu.iv.
533 2209 607 2246 176)
621 2219 627 2238 :
642 2218 711 2237 non
723 2207 831 2238 levius
842 2218 998 2238 om.vcro
1008 2208 1128 2246 b,et1'la
1141 2207 1261 2237 Lamh.
1274 2206 1393 2246 (peius,
1405 2207 1560 2245 nequius,

233 2252 363 2290 turpius
379 2251 539 2282 etsimilia
556 2251 643 2289 edd.)
790 2261 825 2290 17
840 2261 939 2290 quam
951 2251 1188 2291 Pantagathus
1203 2263 1209 2281 :
1226 2261 1267 2280 an
1279 2249 1500 2290 codd.pmeter
1519 2250 1561 2280 G²

236 2296 320 2335 (aut)
427 2295 562 2325 nescire
579 2294 656 2324 ku
678 2294 723 2325 ed.
746 2295 789 2325 R.
971 2296 1010 2325 18
1033 2295 1089 2333 qui
1108 2295 1141 2324 in
1158 2293 1261 2333 suppl.
1282 2293 1400 2324 Lamb.
1419 2294 1558 2331 (etenim

234 2339 353 2368 cumin
368 2338 425 2368 Hk
438 2342 467 2368 et
476 2349 542 2378 mg.
558 2340 596 2376 Σ)
700 2348 742 2367 20
759 2348 832 2367 cum
851 2339 902 2368 ius
920 2337 1032 2368 Madv.
1049 2349 1056 2368 :
1080 2337 1175 2367 cuius
1192 2336 1272 2368 PB:
1300 2337 1351 2367 cui
1372 2337 1433 2366 GE
1450 2337 1558 2376 (cuius

235 2382 383 2420 linguam
410 2382 525 2420 populi
551 2391 617 2411 non
645 2386 760 2411 nosset
784 2381 862 2410 ku
884 2381 931 2412 ed.
951 2381 1011 2419 R.)
1149 2391 1189 2418 24
1215 2391 1251 2410 se
1276 2383 1351 2410 ante
1372 2380 1459 2410 scire
1479 2379 1555 2410 add.

234 2425 350 2456 Lamb.
365 2436 371 2457 z
392 2429 469 2465 post
483 2425 571 2455 scire
588 2423 739 2454 Ziclinsk.
757 2436 763 2454 ε
787 2425 893 2454 abesse
911 2425 1005 2455 malit
1021 2424 1106 2454 Reid
1222 2434 1261 2462 27
1287 2429 1319 2453 et
1336 2423 1424 2454 codd.
1441 2435 1447 2454 :
1464 2433 1556 2454 suam

233 2475 267 2499 et
284 2470 301 2498 b
317 2482 323 2500 τ
348 2470 421 2500 eius
439 2474 471 2499 et
489 2468 533 2500 ed.
553 2469 698 2508 Hcrvag.
716 2479 722 2498 ε
747 2469 818 2498 eius
832 2468 920 2499 Bait.
1011 2469 1083 2499 eius
1100 2468 1150 2498 lzz'c
1165 2467 1279 2498 addidi
1294 2470 1402 2509 (suam
1421 2468 1447 2508 c)
