1774 2782
102 869 140 891 10

101 1516 141 1537 20

101 1839 139 1871 25

101 2161 141 2191 30

258 156 331 193 DE
366 156 529 194 DOMO
561 156 663 193 SVA
694 155 770 191 AD
804 154 1136 192 PONTIFICES
1169 154 1384 191 ORATIO
1460 164 1484 201 5

160 267 402 317 depoposcit.
464 268 562 315 Quis
591 274 647 303 est
676 265 860 314 Sergius?
898 265 1062 314 armiger
1091 264 1294 311 Catilinae,
1324 265 1484 314 stipator

159 333 213 371 tui
250 333 433 381 corporis,
470 331 626 380 signifer
661 330 876 376 seditionis,
911 330 1127 368 concitator
1162 330 1482 375 tabernariorum,

159 400 366 435 damnatus
390 397 625 441 iniuriarum,
650 409 864 445 percussor,
889 396 1090 444 lapidator,
1115 395 1184 432 fori
1213 396 1482 444 depopulator,

159 463 339 500 obsessor
366 463 505 499 curiae.
568 461 642 498 His
670 469 788 510 atque
816 460 898 498 eius
928 460 1033 497 modi
1062 460 1229 497 ducibus
1259 473 1348 497 cum
1376 467 1416 496 tu
1446 459 1484 495 in

158 541 339 565 annonae
360 527 518 564 caritate
540 527 578 563 in
605 527 798 570 consules,
827 525 865 562 in
895 533 1085 570 senatum,
1110 525 1148 561 in
1170 525 1275 561 bona
1297 526 1483 562 fortunas-

159 606 235 642 que
275 592 528 641 locupletium
566 605 632 640 per
668 605 825 629 causam
866 592 1026 641 inopum
1062 599 1180 641 atque
1217 592 1483 640 imperitorum

159 658 382 706 repentinos
411 657 579 706 impetus
608 670 865 706 comparares,
899 671 988 694 cum
1018 657 1086 694 tibi
1115 659 1216 694 salus
1239 670 1322 695 esse
1344 657 1382 694 in
1404 657 1485 694 otio

159 724 263 759 nulla
281 731 422 772 posset,
442 736 531 759 cum
549 722 764 771 desperatis
781 722 948 759 ducibus
966 722 1186 760 decuriatos
1208 736 1252 759 ac
1269 722 1484 771 descriptos

161 787 322 824 haberes
351 786 540 824 exercitus
566 786 818 835 perditorum,
853 801 985 824 nonne
1014 787 1301 836 providendum
1333 787 1482 824 senatui

161 851 231 888 fuit
253 866 301 889 ne
324 851 361 888 in
383 852 484 888 hanc
513 860 660 889 tantam
691 852 892 889 materiem
918 852 1122 890 seditionis
1152 852 1223 889 ista
1244 853 1396 889 funesta
1424 853 1484 888 sax

157 918 452 955 adbaeresceret
467 919 482 954 Ρ

214 982 301 1020 Fuit
323 982 436 1031 igitur
460 996 577 1020 causa
605 982 785 1031 capiendi
815 982 904 1019 novi
933 983 1093 1020 consili:
1125 983 1253 1020 videte
1282 996 1385 1020 nunc
1407 984 1484 1020 fue-

159 1047 284 1085 rintne
312 1055 439 1097 partes
468 1061 578 1084 meae
606 1061 731 1097 paene
760 1047 1001 1097 praecipuae.
1062 1049 1191 1095 Quem
1220 1056 1302 1085 turn
1331 1048 1484 1097 Sergius

159 1114 222 1150 ille
243 1120 347 1158 tuus,
367 1126 485 1162 quem
509 1112 669 1159 Lollius,
699 1126 816 1162 quem
847 1121 998 1150 ceterae
1026 1121 1153 1162 pestes
1182 1113 1220 1150 in
1246 1113 1485 1162 lapidatione

160 1177 222 1214 illa
250 1177 542 1215 nominabant?
582 1191 701 1227 quern
725 1191 926 1216 annonam
958 1187 1151 1228 praestare
1178 1188 1357 1227 oportere
1385 1179 1486 1216 dice-

159 1243 283 1280 bant?
323 1256 456 1280 nonne
486 1244 578 1281 me?
627 1243 765 1288 Quid?
810 1257 1016 1293 operarum
1048 1243 1111 1280 illa
1143 1243 1390 1281 concursatio
1420 1257 1485 1281 no-

158 1317 295 1345 cturna
328 1321 408 1344 non
442 1321 464 1345 a
501 1316 537 1345 te
567 1308 651 1357 ipso
682 1308 859 1345 instituta
891 1322 953 1346 me
989 1310 1226 1346 frumentum
1258 1308 1487 1356 flagitabat?

159 1372 268 1421 quasi
295 1386 386 1410 vero
414 1386 486 1422 ego
514 1380 579 1410 aut
601 1370 659 1410 'rei
689 1373 963 1410 frumentariae
994 1373 1258 1422 praefuissern,
1291 1381 1356 1410 aut
1384 1387 1486 1410 com-

160 1451 336 1487 pressum
369 1437 530 1487 aliquod
566 1438 804 1475 frumentum
841 1446 1025 1484 tenerem,
1063 1446 1129 1475 aut
1164 1438 1202 1474 in
1238 1438 1312 1475 isto
1346 1452 1486 1487 genere

161 1502 324 1539 omnino
360 1502 571 1551 quicquam
603 1511 669 1540 aut
705 1502 906 1540 curatione
941 1511 1006 1540 aut
1041 1511 1235 1551 potestate
1265 1504 1482 1540 valuissem.

163 1569 240 1605 Sed
262 1569 382 1604 homo
409 1568 459 1604 ad
491 1568 653 1604 caedem
683 1567 893 1604 imminens
920 1580 1051 1604 meum
1079 1581 1224 1604 nomen
1256 1568 1382 1617 operis
1410 1568 1487 1605 edi-

162 1634 282 1677 derat,
306 1632 492 1680 imperitis
515 1632 708 1669 iniecerat.
770 1633 872 1670 Cum
895 1633 945 1669 de
968 1646 1053 1669 mea
1075 1632 1262 1681 dignitate
1284 1633 1320 1669 in
1341 1634 1486 1681 templo

164 1697 267 1735 Iovis
290 1697 440 1746 Optimi
473 1697 635 1734 Maximi
665 1706 823 1735 senatus
851 1697 1187 1746 frequentissimus
1215 1711 1294 1735 uno
1319 1697 1393 1735 isto
1414 1699 1487 1735 dis-

163 1762 355 1800 sentiente
377 1762 623 1807 decrevisset,
653 1762 785 1799 subito
807 1762 872 1799 illo
901 1762 986 1811 ipso
1013 1763 1076 1800 die
1101 1762 1339 1800 carissimam
1370 1776 1487 1800 anno-

164 1841 254 1865 nam
292 1827 526 1876 necopinata
564 1827 687 1865 vilitas
728 1836 942 1865 consecuta
982 1835 1050 1865 est.
1124 1829 1245 1865 Erant
1285 1827 1351 1876 qui
1390 1829 1486 1865 deos

162 1892 486 1930 immortalis—id
504 1894 611 1942 quod
627 1907 698 1943 ego
716 1892 1062 1931 sentio——numine
1078 1905 1149 1929 suo
1166 1892 1332 1930 reditum
1356 1905 1486 1930 meum

162 1957 336 1995 dicerent
359 1959 637 2007 comprobasse
653 1974 662 2005 3
694 1972 775 1997 non
798 1958 893 1996 nulli
915 1966 1046 1995 autem
1068 1957 1173 1994 illam
1204 1971 1284 1995 rem
1312 1959 1361 1995 ad
1383 1958 1486 1994 illam

162 2022 351 2060 rationem
376 2023 722 2073 coniecturamque
752 2024 1000 2069 revocabant,
1024 2022 1102 2071 qui,
1125 2024 1233 2071 quod
1260 2022 1296 2059 in
1326 2036 1414 2060 meo
1436 2036 1487 2059 re-

161 2087 244 2124 ditu
266 2101 353 2137 spes
376 2088 428 2126 oti
452 2096 488 2126 et
510 2089 745 2126 concordiae
767 2089 839 2126 sita
860 2089 1075 2133 videbatur,
1100 2087 1138 2124 in
1160 2087 1333 2124 discessu
1355 2096 1485 2124 autem

162 2152 382 2190 cotidianus
413 2153 616 2191 seditionis
645 2154 771 2200 timor,
804 2154 879 2191 iam
911 2167 1035 2203 paene
1068 2153 1159 2190 belli
1186 2154 1352 2201 depulso
1380 2160 1485 2189 metu

202 2257 222 2286 8
248 2257 355 2295 possit
373 2256 549 2287 Lehmann
658 2268 695 2287 10
721 2258 753 2286 in
772 2257 833 2287 hac
852 2262 944 2287 tanta
962 2258 1101 2287 materie
1120 2256 1235 2286 Savels
1303 2254 1381 2295 ista]
1401 2255 1485 2284 iacta

161 2300 287 2329 Rueck:
314 2301 399 2330 iacta
418 2300 478 2330 ista
490 2300 602 2331 Muell.
619 2302 651 2336 (ξ
666 2300 724 2338 63)
819 2301 857 2330 16
882 2311 1060 2339 operarum
1075 2299 1251 2330 Lehmann
1269 2300 1320 2335 (ἐξ
1341 2309 1386 2335 14.
1410 2300 1460 2336 155
1479 2311 1483 2328 z

162 2353 339 2382 puerorum
357 2343 444 2374 codd.
544 2355 583 2373 22
610 2343 710 2383 Cum]
732 2343 815 2373 Nam
835 2354 908 2373 cum
929 2344 1086 2373 anteum
1107 2345 1191 2373 enim
1213 2342 1387 2371 Lelmumn
1446 2352 1483 2379 27

161 2387 246 2416 illam
266 2386 352 2427 rem]
367 2387 524 2417 vilitatem
541 2388 621 2426 sees>
637 2399 642 2418 :
662 2387 749 2416 illam
766 2386 824 2417 del.
841 2386 923 2417 Ern.
973 2387 1061 2416 illam
1078 2388 1168 2426 (ante
1180 2386 1360 2423 rationem)
1373 2385 1459 2414 codd.
1476 2397 1482 2413 ;

162 2431 266 2468 ipsam
284 2430 391 2459 Muell.
409 2443 414 2460 :
439 2431 535 2461 aliam
556 2430 683 2461 Gema».

1508 164 1544 194 13

1508 1028 1546 1058 14
