1774 2782
246 143 291 179 16

314 142 353 182 3⁶
679 136 734 171 M.
766 135 935 171 TVLLI
966 132 1271 171 CICERONIS

312 244 401 281 facti
424 251 460 282 et
482 243 620 282 consili
642 242 731 289 mei,
754 254 883 291 neque
905 243 996 279 huic
1017 249 1147 279 vestro
1169 248 1278 278 tanto
1300 239 1431 278 studio
1451 240 1639 279 audiendi

312 322 385 347 nec
406 321 497 346 vero
519 308 610 345 huic
627 314 758 344 tantae
778 305 1031 354 multitudini,
1051 313 1198 355 quanta
1214 317 1301 343 mea
1322 303 1511 342 memoria
1531 318 1641 342 num-

312 387 431 423 quam
453 374 533 410 ullo
562 372 601 410 in
628 371 774 410 iudicio
796 371 876 418 suit,
901 372 1030 409 deero.
1091 372 1194 409 Narn
1217 372 1246 408 si
1269 383 1342 419 ego
1362 371 1401 407 in
1423 383 1541 407 causa
1561 378 1640 408 tam

312 439 428 483 bona,
446 445 556 474 tanto
573 438 704 475 studio
719 444 887 483 senatus,
903 449 1099 474 consensu
1114 443 1193 473 tam
1210 435 1429 473 incredibili
1444 434 1641 472 bonorum

313 505 502 549 omnium,
527 510 607 540 tam
635 510 771 552 parato
790 504 943 551 populo,
968 510 1048 540 tota
1079 502 1251 550 denique
1278 500 1391 538 Italia
1410 501 1461 538 ad
1481 513 1640 538 omnem

312 570 610 607 contentionem
641 567 833 617 expedita,
866 566 963 604 cessi
996 566 1139 604 tribuni
1172 565 1308 616 plebis,
1342 564 1642 615 despicatissimi

314 634 496 681 hominis,
541 634 670 680 furori,
716 631 1144 681 contemptissimorum
1190 631 1398 669 consulum
1445 631 1642 668 levitatem

313 701 599 748 audaciamque
628 697 821 748 pertimui,
846 698 1010 734 nimium
1037 710 1099 734 me
1127 695 1320 742 timidum,
1346 696 1488 732 nullius
1509 695 1640 742 animi,

279 779 291 786 -
315 765 457 803 nullius
492 765 629 802 consili
662 763 781 801 fuisse
813 763 1014 800 confiteor.
1074 761 1183 810 Quid
1213 760 1318 799 enirn
1349 761 1474 798 simile
1504 759 1574 797 fuit
1604 759 1643 797 in

316 834 364 880 Q.
383 831 578 868 Metello?
602 829 712 866 cuius
730 841 887 866 causam
906 829 976 866 etsi
995 840 1133 865 omnes
1150 826 1245 864 boni
1263 826 1497 875 probabant,
1511 832 1642 863 tamen

314 908 443 945 neque
465 902 623 933 senatus
645 894 803 943 publice
832 906 961 942 neque
990 894 1091 930 ullus
1119 893 1218 930 ordo
1238 890 1393 941 proprie
1414 904 1543 940 neque
1565 889 1643 928 suis

314 962 479 999 decretis
503 961 616 997 Italia
636 967 779 996 cuncta
800 966 1036 1007 susceperat.
1097 958 1162 995 Ad
1183 970 1294 994 suam
1315 957 1421 995 enirn
1443 956 1642 1005 quandam

314 1025 437 1074 magis
459 1026 521 1063 ille
542 1025 704 1074 gloriam
723 1037 842 1073 quam
863 1024 914 1061 ad
935 1022 1181 1072 perspicuam
1200 1024 1366 1059 salutem
1387 1020 1440 1058 rei
1462 1020 1643 1070 publicae

315 1091 510 1140 respz'ciens
537 1103 616 1126 rem
640 1095 822 1138 gesserat,
842 1102 932 1126 cum
963 1102 1064 1125 unus
1095 1087 1133 1124 in
1165 1088 1290 1137 legem
1321 1098 1389 1136 per
1415 1087 1493 1123 vim
1524 1086 1640 1122 latam

316 1156 438 1192 iurare
459 1155 661 1192 noluerat:
692 1153 864 1202 denique
885 1152 1090 1191 videbatur
1111 1165 1155 1190 ea
1177 1151 1412 1189 condicione
1433 1158 1512 1188 tam
1534 1149 1641 1187 fortis

315 1221 432 1257 fuisse
472 1227 513 1257 ut
552 1232 642 1256 cum
682 1220 829 1268 patriae
867 1219 1026 1256 caritate
1060 1218 1304 1255 constantiae
1342 1217 1503 1266 gloriam
1539 1228 1643 1253 com-

317 1293 493 1322 mutaret.
554 1285 648 1321 Erat
668 1294 801 1322 autem
828 1296 887 1321 res
915 1284 950 1321 ei
978 1296 1068 1320 cum
1097 1281 1267 1320 exercitu
1292 1281 1336 1321 C.
1363 1282 1463 1318 Mari
1485 1280 1640 1327 invicto,

316 1350 486 1387 habebat
504 1348 708 1386 inimicum
724 1350 768 1387 C.
787 1347 969 1394 Marium,
985 1355 1300 1385 conservatorem
1317 1347 1474 1395 patriae,
1491 1352 1642 1383 sextum

317 1416 394 1452 iam
416 1416 523 1451 illum
545 1415 794 1452 consulatum
810 1421 1038 1462 gerentem;
1066 1426 1126 1450 res
1147 1419 1226 1450 erat
1247 1424 1338 1449 cum
1360 1412 1403 1448 L.
1420 1411 1640 1456 Saturnino,

318 1479 457 1517 iterum
477 1478 637 1517 tribuno
657 1477 794 1528 plebis,
813 1477 997 1527 vigilante
1018 1477 1191 1523 homine,
1209 1483 1247 1514 et
1268 1475 1308 1513 in
1328 1488 1445 1513 causa
1465 1475 1643 1524 populari

318 1545 349 1582 si
371 1558 451 1582 non
472 1545 675 1582 moderate
695 1550 733 1581 at
754 1550 858 1581 certe
879 1541 1117 1592 populariter
1137 1541 1459 1590 abstinenterque
1479 1547 1641 1577 versato.

318 1609 459 1657 Cessit,
481 1622 531 1647 ne
558 1617 624 1647 aut
651 1608 776 1646 victus
800 1621 822 1645 a
844 1607 1009 1645 fortibus
1029 1606 1118 1644 viris
1140 1620 1230 1644 curn
1259 1607 1455 1644 dedecore
1475 1605 1642 1651 caderet,

318 1684 384 1713 aut
405 1677 528 1713 victor
555 1676 686 1712 multis
715 1681 752 1712 et
780 1674 944 1711 sortibus
972 1672 1125 1710 civibus
1151 1685 1233 1709 rem
1258 1671 1457 1721 publicam
1479 1670 1642 1708 orbaret.

259 1754 273 1783 ς
323 1743 456 1779 Meam
474 1753 633 1778 causam
651 1747 807 1777 senatus
824 1739 964 1788 palam,
981 1746 1164 1787 equester
1178 1738 1276 1775 ordo
1291 1737 1488 1784 acerrime,
1504 1743 1646 1773 cuncta

322 1806 434 1844 Italia
469 1805 637 1855 publice,
670 1817 809 1842 omnes
842 1803 938 1841 boni
973 1804 1127 1853 proprie
1158 1803 1350 1851 enixeque
1381 1807 1644 1850 susceperant.

321 1873 399 1909 Eas
420 1884 479 1908 res
500 1883 694 1920 gesseram
716 1882 880 1918 quarum
903 1882 983 1906 non
1000 1882 1102 1905 unus
1122 1875 1259 1905 auctor
1279 1867 1349 1905 sed
1369 1867 1448 1905 dux
1468 1864 1646 1904 omniurn

320 1937 532 1975 voluntatis
554 1935 724 1981 fuissem,
744 1946 926 1984 quaeque
947 1947 1028 1971 non
1049 1934 1171 1970 modo
1191 1934 1241 1971 ad
1263 1933 1497 1981 singularem
1518 1943 1647 1968 meam

320 2001 483 2053 gloriam
501 2002 570 2039 sed
586 2001 637 2039 ad
657 2012 912 2038 communem
930 2000 1095 2036 salutem
1112 1997 1291 2035 omnium
1308 1996 1451 2034 civium
1473 2003 1510 2034 et
1526 2007 1648 2045 prope

365 2115 384 2145 5
409 2103 533 2144 populo
558 2103 662 2143 suppl.
689 2102 861 2141 Momms.,
887 2102 1033 2140 equestri
1064 2102 1184 2131 ordine
1204 2100 1335 2140 Kayser
1464 2100 1483 2128 8
1509 2099 1647 2129 nimium

322 2162 341 2180 a
374 2159 426 2179 me
458 2148 497 2186 P,
527 2158 603 2178 corr.
636 2147 667 2176 Β
818 2156 853 2184 14
888 2146 1075 2184 respiciens
1105 2156 1173 2175 rern
1201 2149 1352 2183 gesserat
1378 2143 1494 2182 scripsi
1517 2144 1548 2180 (ᾖ
1567 2143 1648 2182 38):

323 2196 513 2231 sumpserat
535 2190 622 2222 codd.
652 2191 702 2228 (cf.
728 2190 841 2220 Flanc.
869 2193 883 2226 ξ
905 2190 959 2228 88,
985 2189 1119 2220 Clarki:
1153 2189 1291 2227 spiritus
1317 2191 1506 2226 sumpserat
1533 2185 1648 2216 Koclz:

324 2240 493 2276 spectarat
504 2234 694 2274 Naugerius
706 2236 766 2274 (Χ),
780 2237 810 2263 et
825 2243 916 2263 man.
930 2244 983 2263 rec.
999 2233 1031 2262 in
1045 2232 1092 2263 P:
1120 2237 1187 2262 tum
1204 2233 1259 2271 (eo
1273 2236 1426 2269 ternpore
1438 2232 1463 2270 ἓ)
1479 2233 1649 2268 spectarat

324 2280 438 2311 Madv.
457 2291 464 2309 t
506 2282 704 2317 respexerat
742 2277 874 2307 Halm:
919 2281 1117 2315 suspexerat
1148 2275 1250 2313 Jacob
1283 2274 1346 2314 (Cl.
1386 2273 1450 2312 Qu.
1486 2273 1518 2302 iii
1569 2272 1646 2311 269)

327 2335 364 2363 17
390 2324 427 2354 C.
449 2322 530 2353 Mari
549 2321 606 2351 del.
625 2320 717 2351 Paul
831 2330 868 2350 21
896 2317 1190 2358 abstinenterque]
1207 2328 1226 2348 a
1242 2318 1297 2348 isti
1312 2321 1476 2356 neterque
1494 2315 1584 2346 ΡΒΣ
1604 2320 1651 2355 (at

324 2369 387 2398 iste
404 2377 446 2396 ne
465 2366 549 2404 tergi
569 2365 612 2405 G)
632 2380 659 2390 =
676 2365 959 2399 APSTINETERQVE
1094 2371 1133 2400 25
1159 2360 1311 2402 proprie]
1329 2370 1474 2400 propere
1491 2359 1638 2401 Kraffert

1663 518 1680 549 5

1669 839 1704 860 10

1666 1166 1702 1196 15

1665 1487 1706 1508 20

1666 1809 1704 1841 25
