1774 2782
411 495 480 542 M.
529 495 741 543 TVLLI
790 494 1190 543 CICERONIS

372 629 509 676 PRO
557 631 606 678 P.
647 629 907 677 SESTIO
956 629 1244 677 ORATIO

198 775 238 812 S1
272 774 359 823 quis
390 781 516 821 antea,
548 774 708 820 iudices,
740 774 954 811 mirabatur
984 773 1079 823 quid
1114 781 1216 811 esset
1250 775 1368 823 quod,
1400 752 1506 832 pro}

144 839 260 877 tantis
281 838 423 888 opibus
444 838 495 877 rei
518 838 699 889 publicae
726 845 914 888 tantaque
941 838 1130 888 dignitate
1158 838 1305 888 imperi,
1329 851 1472 888 nequa-

144 917 262 953 quam
292 903 383 941 satis
413 903 525 941 multi
555 905 658 941 cives
686 903 772 941 forti
805 910 842 941 et
872 916 1016 953 magno
1043 903 1177 941 animo
1207 902 1471 942 invenirentur

143 970 209 1018 qui
239 969 428 1006 auderent
458 982 498 1007 se
528 977 566 1006 et
593 970 758 1007 salutern
789 982 900 1006 suam
931 967 969 1006 in
997 968 1207 1007 discrimen
1235 969 1372 1006 offerre
1401 981 1471 1017 pro

106 1051 123 1082 5
143 1041 244 1071 statu
278 1032 443 1071 civitatis
475 1041 511 1071 et
546 1046 616 1083 pro
651 1033 854 1071 communi
887 1033 1075 1081 libertate,
1107 1046 1153 1072 ex
1185 1034 1260 1071 hoc
1295 1041 1471 1083 tempore

143 1099 301 1136 miretur
321 1099 450 1147 potius
471 1099 502 1135 si
519 1111 636 1147 quem
654 1098 804 1136 bonum
826 1105 863 1137 et
885 1099 1024 1137 fortem
1042 1099 1167 1136 civem
1184 1097 1333 1145 viderit,
1352 1111 1468 1148 quam

142 1164 173 1201 si
194 1176 312 1213 quem
333 1170 399 1201 aut
420 1162 603 1201 timidum
623 1171 688 1201 aut
710 1163 783 1202 sibi
804 1163 935 1213 potius
956 1177 1074 1213 quam
1102 1165 1154 1202 rei
1179 1163 1360 1213 publicae
1380 1176 1470 1201 con-

142 1230 346 1267 sulentem.
408 1230 512 1267 Nam
533 1236 574 1267 ut
599 1229 787 1267 omittatis
814 1230 864 1268 de
891 1229 1007 1267 unius
1034 1229 1225 1279 cuiusque
1251 1242 1344 1267 casu
1370 1229 1471 1277 cogi-

142 1296 264 1333 tando
293 1294 497 1341 recordari,
527 1307 607 1332 uno
636 1303 800 1344 aspectu
829 1294 970 1332 intueri
1000 1294 1162 1344 potestis
1192 1307 1259 1332 eos
1284 1293 1350 1343 qui
1380 1307 1470 1331 curn

84 1376 124 1398 10
143 1368 290 1406 senatu,
317 1373 407 1397 cum
436 1359 550 1397 bonis
580 1359 776 1407 omnibus,
806 1373 887 1398 rem
917 1359 1116 1409 publicam
1146 1359 1344 1397 adflictam
1374 1358 1471 1396 exci-

143 1426 257 1463 tarint
285 1433 322 1463 et
349 1424 553 1462 latrocinio
574 1424 795 1463 domestico
819 1424 1028 1472 liberarint,
1052 1432 1222 1463 maestos
1249 1423 1470 1462 sordidatos

142 1503 238 1536 reos,
262 1491 312 1528 de
337 1491 475 1540 capite,
499 1491 549 1528 de
579 1490 692 1536 fama,
717 1492 767 1529 de
794 1491 961 1537 civitate,
986 1491 1036 1528 de
1063 1488 1239 1536 fortunis,
1263 1490 1313 1527 de
1341 1488 1470 1527 liberis

141 1555 363 1593 dimicantis
380 1570 388 1602 3
417 1567 484 1593 eos
505 1562 635 1594 autem
653 1556 719 1605 qui
737 1555 871 1594 omnia
891 1556 1025 1593 divina
1044 1562 1083 1593 et
1104 1556 1277 1593 humana
1293 1553 1470 1592 violarint

140 1622 312 1659 vexarint
334 1620 594 1671 perturbarint
615 1620 834 1667 everterint,
858 1634 937 1659 non
963 1621 1091 1659 solum
1111 1621 1248 1658 alacris
1268 1620 1470 1669 laetosque

83 1702 118 1734 15
140 1686 309 1733 volitare,
327 1687 395 1724 sed
413 1687 529 1724 etiarn
547 1686 764 1725 fortissimis
781 1695 899 1737 atque
912 1686 1070 1737 optimis
1087 1685 1237 1724 civibus
1253 1684 1468 1735 periculum

141 1751 276 1798 moliri,
300 1753 350 1789 de
371 1764 412 1789 se
434 1751 529 1788 nihil
550 1752 698 1790 timere.
760 1753 807 1790 In
829 1765 909 1801 quo
930 1764 1020 1789 cum
1042 1752 1165 1789 multa
1185 1758 1275 1789 sunt
1296 1752 1465 1800 indigna,
1490 1764 1505 1786 2

139 1824 221 1854 tum
258 1817 353 1853 nihil
386 1817 514 1854 minus
549 1824 606 1854 est
642 1818 847 1855 ferendum
880 1830 999 1866 quam
1032 1817 1140 1866 quod
1174 1816 1250 1854 iam
1286 1829 1367 1854 non
1401 1829 1469 1865 per

139 1883 308 1919 latrones
336 1894 438 1928 suos,
462 1894 543 1919 non
567 1895 635 1932 per
655 1883 837 1920 homines
865 1889 1036 1931 egestate
1057 1889 1095 1920 et
1116 1882 1260 1919 scelere
1281 1880 1465 1930 perditos,

139 1947 208 1984 sed
238 1959 306 1996 per
332 1959 399 1984 vos
427 1946 551 1993 nobis,
581 1960 649 1996 per
679 1946 850 1997 optimos
874 1947 976 1985 viros
1005 1946 1163 1997 optimis
1194 1946 1344 1984 civibus
1373 1946 1468 1996 peri-

80 2027 121 2048 20
140 2012 271 2048 culum
299 2010 438 2049 inferre
465 2019 667 2058 conantur,
691 2019 729 2050 et
750 2025 849 2062 quos
876 2011 1083 2061 lapidibus,
1108 2024 1206 2061 quos
1234 2012 1344 2057 ferro,
1367 2023 1466 2060 quos

140 2076 298 2122 facibus,
318 2089 417 2125 quos
434 2075 469 2114 vi
492 2090 609 2114 manu
627 2076 750 2127 copiis
768 2078 898 2115 delere
915 2090 995 2115 non
1012 2084 1235 2126 potuerunt,
1255 2077 1326 2114 hos
1343 2083 1467 2114 vestra

137 2142 376 2189 auctoritate,
401 2150 526 2179 vestra
546 2141 744 2192 religione,
768 2142 903 2180 vestris
928 2141 1130 2180 sententiis
1153 2155 1193 2180 se
1215 2153 1466 2191 oppressuros

137 2206 379 2245 arbitrantur.
439 2207 524 2257 Ego
550 2215 695 2254 autem,
718 2207 879 2254 iudices,
903 2221 981 2257 qua
1002 2221 1098 2246 voce
1126 2206 1221 2244 mihi
1242 2207 1282 2244 in
1305 2206 1467 2256 agendis

137 2271 265 2321 gratiis
292 2273 723 2322 commemorandoque
751 2285 886 2311 eorum
909 2274 975 2322 qui
1004 2274 1054 2312 de
1081 2286 1144 2311 me
1165 2272 1313 2322 optime
1341 2270 1466 2309 meriti

181 2387 199 2415 5
225 2377 394 2417 libertate]
421 2378 595 2409 libertates
620 2378 767 2408 P¹m1dc
792 2378 847 2409 lib.
873 2377 946 2420 (is)
968 2389 1011 2409 ex
1042 2379 1103 2409 hoc
1130 2379 1338 2408 Mommsen:
1364 2376 1418 2407 lib.
1439 2376 1465 2405 is

140 2420 199 2450 hoc
219 2421 307 2451 Bake
324 2421 396 2462 (del.
416 2422 474 2462 ex)
590 2432 630 2459 23
655 2420 779 2463 autem]
797 2432 876 2452 vero
894 2422 914 2450 le
1002 2422 1084 2463 qua]
1104 2422 1258 2461 quoniam
1277 2431 1339 2458 qua
1359 2419 1464 2449 Halm
