1774 2782
214 134 257 170 13

205 1785 248 1820 14

208 1845 247 1875 32

280 138 320 167 30
643 124 698 159 M.
731 123 899 159 TVLLI
931 123 1238 160 CICERONIS

280 232 374 268 nihil
397 231 515 269 habet
540 231 649 280 quod
674 231 722 268 sit
749 230 949 279 proprium
971 229 1167 278 religionis
1188 243 1233 268 ac
1255 231 1472 270 foederum.
1531 233 1607 271 De-

279 297 400 334 sendo
429 297 535 333 enim
566 309 647 333 rem
678 296 911 341 universam,
940 296 1089 332 nullam
1119 308 1204 333 esse
1233 303 1390 345 gentem
1421 310 1467 334 ex
1497 297 1605 335 omni

279 361 435 411 regione
456 370 656 405 terrarum,
678 374 807 409 neque
824 368 904 397 tam
929 359 1186 398 dissidentem
1206 374 1229 398 a
1251 363 1398 410 populo
1421 363 1606 400 Romano

277 426 370 464 odio
391 428 564 475 quodam
586 433 704 475 atque
725 425 904 471 discidio,
923 438 1053 474 neque
1069 433 1147 462 tam
1166 427 1242 463 fide
1260 426 1605 476 benivolentiaque

277 490 540 536 coniunctam,
558 504 603 528 ex
625 504 702 539 qua
719 490 834 527 nobis
851 489 1105 528 interdictum
1119 489 1166 527 sit
1182 503 1230 527 ne
1248 503 1365 540 quem
1386 490 1604 529 adsciscere
1626 509 1642 540 5

219 573 230 582 n
276 555 401 593 civem
422 562 488 592 aut
510 554 667 592 civitate
687 556 836 592 donare
856 554 1063 604 possimus.
1110 555 1146 593 O
1168 554 1250 592 iura
1270 556 1468 604 praeclara
1486 563 1605 605 atque

276 621 462 659 divinitus
484 620 560 658 iam
582 620 675 658 inde
695 634 718 658 a
738 620 931 670 principio
960 619 1132 658 Romani
1158 620 1328 658 nominis
1349 634 1371 658 a
1391 620 1604 659 maioribus

277 686 418 725 nostris
439 694 676 735 comparata,
696 699 745 724 ne
766 686 853 735 quis
871 693 1047 723 nostrum
1065 687 1150 735 plus
1168 700 1285 735 quam
1308 686 1423 723 unius
1439 685 1604 724 civitatis

277 766 362 791 esse
389 751 861 802 possus—(lissimilitudo
889 751 995 789 enim
1026 751 1226 789 civitatum
1258 751 1481 790 varietatem
1512 752 1604 790 iuris

277 818 419 856 habeat
447 830 607 856 necesse
632 825 811 865 est,—ne
838 817 925 867 quis
954 816 1097 855 invitus
1127 817 1283 855 civitate
1310 824 1482 855 mutetur
1506 831 1604 856 neve
1626 835 1665 858 10

276 883 315 921 in
345 883 501 921 civitate
531 890 688 920 maneat
718 883 885 920 invitus!
944 885 1059 920 Haec
1090 890 1180 920 sunt
1210 883 1315 920 enim
1345 884 1604 922 fundamenta

274 948 495 986 firmissima
524 955 679 986 nostrae
704 947 903 993 libertatis,
928 947 985 985 sui
1014 960 1213 996 quemque
1234 947 1325 985 iuris
1346 955 1383 986 et
1409 948 1603 987 retinendi

273 1021 311 1052 ct
332 1013 558 1052 dimittendi
587 1026 672 1051 esse
697 1012 916 1051 dominum.
978 1013 1082 1050 Illud
1110 1026 1201 1050 vero
1231 1012 1314 1050 sine
1344 1014 1422 1050 ulla
1451 1013 1603 1051 dubita-

273 1079 380 1117 tione
402 1079 571 1117 maxime
592 1086 767 1117 nostrum
786 1077 963 1116 fundavit
984 1077 1191 1127 imperium
1213 1086 1250 1116 et
1271 1077 1404 1127 populi
1430 1078 1602 1116 Romani

273 1157 420 1183 nomen
434 1143 550 1189 auxit,
566 1145 674 1193 quod
690 1143 870 1193 princeps
885 1143 947 1181 ille
962 1151 1112 1181 creator
1125 1142 1240 1180 huius
1257 1143 1372 1189 urbia
1391 1145 1599 1188 Romulus,
1626 1160 1660 1192 ¹5

273 1211 432 1248 foedere
453 1209 600 1247 Sabino
617 1209 751 1247 docuit
769 1208 886 1246 etiam
904 1207 1083 1246 hostibus
1100 1207 1335 1257 recipiendis
1351 1208 1482 1258 augeri
1499 1209 1601 1246 hanc

273 1275 471 1313 civitatem
492 1282 698 1324 oportere3
728 1274 839 1311 cuius
864 1273 1095 1312 auctoritate
1122 1281 1160 1312 et
1182 1275 1361 1324 exemplo
1382 1287 1599 1323 numquam

273 1348 331 1378 est
352 1340 571 1379 intermissa
594 1353 617 1378 a
644 1339 857 1377 maioribus
884 1339 1024 1377 nostris
1052 1339 1202 1388 largitio
1228 1348 1265 1377 et
1293 1339 1600 1377 communicatio

273 1406 451 1444 civitatis.
510 1407 650 1455 Itaque
675 1413 712 1443 et
740 1419 785 1443 ex
812 1404 924 1442 Latio
952 1404 1074 1452 multi,
1098 1412 1139 1442 ut
1160 1404 1386 1452 Tusculani,
1410 1412 1452 1442 ut
1473 1407 1600 1442 Lanu-

272 1471 362 1517 vini,
390 1478 427 1509 et
457 1485 504 1509 ex
533 1470 671 1509 ceteris
699 1469 906 1519 generibus
934 1478 1069 1519 gentes
1100 1469 1303 1508 universae
1333 1469 1372 1507 in
1403 1469 1598 1508 civitatem
1621 1482 1661 1503 20

272 1544 362 1574 sunt
389 1544 578 1586 receptae,
598 1543 639 1574 ut
660 1535 911 1577 Sabinorum,
926 1537 1173 1582 Volscorum,
1198 1534 1463 1573 Hernicorum
1479 1549 1488 1583 3
1518 1535 1600 1585 qui-

272 1603 344 1639 bus
362 1615 407 1640 ex
423 1601 644 1639 civitatibus
662 1614 734 1638 nec
752 1601 875 1639 coacti
898 1609 1027 1639 essent
1049 1600 1204 1639 civitate
1224 1600 1374 1647 mutari,
1394 1601 1424 1638 si
1445 1600 1512 1650 qui
1533 1614 1600 1638 no-

271 1667 444 1713 luissent,
464 1680 545 1712 nec,
567 1666 595 1704 si
614 1666 679 1716 qui
698 1674 826 1704 essent
844 1666 1040 1704 civitatem
1058 1674 1229 1704 nostram
1247 1665 1442 1704 beneficio
1464 1665 1599 1716 populi

272 1731 442 1770 Romani
465 1731 677 1778 consecuti,
702 1731 888 1769 violatum
912 1733 1050 1769 foedus
1072 1745 1206 1769 eorum
1228 1731 1433 1769 videretur.

327 1796 485 1834 Etenim
513 1798 709 1845 quaedam
738 1798 896 1835 foedera
925 1804 1092 1844 exstant,
1112 1804 1153 1834 ut
1175 1797 1514 1844 Cenomanorum,
1536 1798 1598 1834 In·
1619 1811 1656 1841 25

270 1861 456 1908 subrium,
496 1861 781 1909 Helvetiorum,
821 1863 1031 1911 Iapydum,
1063 1875 1142 1899 non
1183 1863 1379 1899 nullorum
1419 1861 1512 1899 item
1552 1874 1598 1899 ex

270 1927 397 1966 Gallia
422 1928 693 1975 barbarorum,
713 1941 881 1977 quorum
907 1926 946 1965 in
974 1927 1199 1966 foederibus
1227 1935 1433 1977 exceptum
1462 1934 1520 1965 est
1547 1940 1597 1965 ne

269 1993 356 2042 quis
377 2007 512 2031 eorum
534 2007 556 2031 a
578 1993 692 2032 nobis
713 1993 807 2031 civis
835 1993 1051 2042 recipiatur.
1112 1994 1234 2039 Quod
1256 1993 1285 2031 si
1308 1991 1484 2041 exceptio
1505 1991 1597 2029 facit

270 2071 319 2096 ne
346 2058 470 2105 liceat,
494 2058 561 2096 ubi
588 2072 660 2095 mm
681 2060 733 2095 sil
755 2065 955 2108 exceptum,
982 2060 1037 2096 ibi
1061 2071 1220 2097 necesse
1245 2065 1303 2096 est
1333 2059 1460 2096 licere.
1516 2056 1596 2094 Vbi

311 2172 330 2200 5
356 2168 392 2193 ut
414 2173 456 2192 ne
479 2162 526 2192 Ec
687 2173 768 2201 9-11
798 2163 878 2193 iuris
896 2187 903 2193 .
926 2188 931 2194 .
951 2188 957 2194 .
977 2163 1110 2193 civitate
1133 2174 1157 2193 s.
1172 2163 1192 2193 l.
1218 2162 1262 2191 1³2
1417 2171 1455 2200 19
1478 2166 1538 2192 ut.
1558 2186 1565 2192 .
1588 2186 1595 2193 .

268 2211 302 2236 ut
326 2205 390 2236 Pl:
425 2210 459 2236 et
475 2230 482 2237 .
503 2229 510 2236 .
531 2230 537 2236 .
559 2211 591 2235 et
623 2206 686 2236 rell.
707 2218 713 2236 :
746 2211 780 2235 ut
799 2231 805 2237 .
828 2228 835 2236 .
853 2230 860 2237 .
879 2211 911 2236 et
940 2209 976 2235 ul
997 2205 1112 2236 Aladv.
1131 2207 1176 2235 ila
1193 2207 1234 2235 H
1386 2215 1429 2235 20
1460 2206 1595 2244 generi—

267 2250 326 2279 bus
340 2248 427 2279 codd.
447 2261 454 2280 :
480 2249 675 2288 regionibus
692 2249 829 2288 Rumpf
955 2260 992 2279 21
1020 2254 1098 2279 sunt
1115 2249 1249 2280 HG²52
1275 2248 1324 2279 sui
1343 2248 1406 2278 rell.
1422 2253 1552 2288 praeter
1566 2247 1597 2278 E

270 2294 394 2331 (suam)
486 2303 526 2331 24
551 2293 724 2323 consecuti
749 2293 939 2332 Naugerius
956 2294 1007 2333 (Ι)
1024 2304 1031 2323 :
1055 2292 1161 2323 secuti
1179 2292 1265 2323 codd.
1287 2292 1448 2332 (assecuti
1464 2292 1483 2321 b
1502 2295 1532 2322 et
1545 2291 1594 2324 ed.

273 2337 325 2374 V.)
417 2346 457 2375 25
484 2335 634 2376 Etenim]
653 2336 699 2367 At
714 2336 803 2366 enirn
820 2336 1011 2376 Naugerius
1025 2337 1075 2372 (2)
1168 2336 1439 2366 Cenomanorum
1454 2334 1568 2366 Madv.
1585 2345 1595 2366 t

268 2381 559 2418 genumanhorum
577 2380 707 2410 F¹GE2
731 2390 966 2418 germanorum
984 2378 1101 2409 F2BH
1116 2379 1178 2409 rell.
1314 2390 1356 2418 29
1381 2390 1449 2409 non
1465 2379 1508 2409 sit
1525 2379 1594 2418 (est

268 2423 373 2461 Bait.)
389 2429 571 2462 exceptum
594 2424 637 2453 ibi
659 2423 764 2464 suppl.
783 2422 897 2454 Madv.
917 2435 923 2453 :
951 2423 994 2453 ibi
1017 2433 1156 2453 necesse
1180 2427 1230 2453 est
1253 2423 1355 2454 licere
1375 2424 1429 2453 ubi
1452 2432 1519 2453 non
1540 2426 1593 2453 est

270 2472 448 2503 exceptum
466 2466 656 2507 Naugerius
