1774 2782
206 132 248 157 12

207 374 247 403 30

205 979 248 1016 Ῑ3

205 1040 243 1070 31

205 1676 243 1706 32

272 137 309 166 29
635 122 690 158 M.
723 122 892 159 TVLLI
922 121 1231 159 CICERONIS

268 228 664 267 contumeliosissime
685 228 828 267 totiens
846 230 947 267 male
964 228 1071 266 dicas
1088 228 1270 278 quotiens
1287 236 1324 267 te
1346 229 1398 267 illi
1418 230 1591 268 adfinem

268 307 352 331 esse
373 293 480 331 dicis.

322 360 454 407 Atque
475 357 591 396 etiam
614 358 710 397 illud
732 358 829 396 scire
854 372 900 396 ex
927 365 964 396 te
990 357 1116 408 cupio,
1141 372 1221 407 quo
1246 358 1410 397 consilio
1430 366 1496 397 aut
1517 372 1595 408 qua

270 431 401 461 mente
422 423 558 461 feceris
583 431 624 461 ut
652 423 691 461 in
719 425 836 473 epulo
858 425 905 472 Q.
932 423 1028 469 Arri,
1052 423 1247 462 familiaris
1276 423 1363 472 mei,
1387 438 1476 462 cum
1505 432 1594 474 toga

268 489 373 537 pulla
400 488 684 527 accumberes?
713 502 831 538 quem
859 502 1048 538 umquam
1076 488 1228 536 videris,
1252 502 1370 538 quem
1397 489 1595 527 audieris?
1615 506 1631 538 5

267 565 348 601 quo
378 554 569 602 exemplo,
600 567 680 602 quo
711 566 818 591 more
849 552 1015 591 seceris?
1071 552 1191 591 Dices
1221 553 1526 603 supplicationes
1556 561 1594 593 te

268 617 351 655 illas
373 631 453 655 non
480 618 678 667 probasse.
739 617 923 667 Optime:
955 618 1085 656 nullae
1113 617 1255 656 fuerint
1276 618 1592 668 supplicationes.

267 682 443 720 Videsne
465 696 527 720 me
548 682 644 720 nihil
673 684 723 720 de
749 682 841 720 anni
868 682 967 720 illius
989 695 1115 729 causa,
1140 682 1234 720 nihil
1255 683 1305 721 de
1326 696 1374 722 eo
1395 685 1502 733 quod
1524 683 1594 723 tibi

267 760 480 786 commune
505 760 595 785 cum
624 747 787 785 summis
809 747 897 785 viris
925 761 1009 786 esse
1037 747 1224 795 videatur,
1248 749 1317 787 sed
1339 749 1388 787 de
1415 748 1490 787 tuis
1511 762 1595 798 pro-

267 811 357 862 priis
390 812 602 851 sceleribus
634 826 680 850 ex
712 820 749 851 te
785 815 999 862 quaerere?
1058 813 1175 851 Nulla
1205 813 1439 863 supplicatio
1469 814 1592 852 fuerit.
1619 831 1656 852 10

268 877 381 915 Cedo
402 876 487 926 quis
509 891 697 926 umquam
719 877 865 915 cenarit
885 879 1061 915 atratus?
1109 879 1170 916 Ita
1190 877 1294 916 enim
1318 877 1413 917 illud
1434 880 1594 928 epulum

267 950 325 980 est
346 943 510 980 funebre
532 950 572 980 ut
594 956 737 980 munus
758 942 806 980 sit
827 942 983 989 funeris,
1003 943 1142 992 epulae
1163 942 1324 992 quidem
1346 942 1453 993 ipsae
1473 943 1596 994 digni-

267 1007 366 1046 tatis.
425 1009 503 1046 Sed
538 1007 679 1046 omitto
714 1009 874 1058 epulum
910 1007 1044 1057 populi
1086 1007 1269 1055 Romani,
1307 1010 1449 1047 festum
1489 1009 1595 1047 diem

266 1079 437 1122 argento,
462 1080 580 1119 veste,
604 1072 711 1110 omni
733 1080 920 1123 apparatu
946 1080 1167 1122 ornatuque
1187 1073 1375 1112 visendo:
1406 1073 1493 1124 quis
1514 1088 1596 1112 um-

267 1151 385 1187 quam
416 1137 455 1175 in
486 1139 592 1175 luctu
623 1137 854 1184 domestico,
888 1137 975 1187 quis
1006 1137 1045 1175 in
1067 1139 1202 1176 funere
1232 1138 1409 1177 familiari
1441 1139 1594 1177 cenavit
1618 1155 1654 1186 15

267 1216 357 1240 cum
380 1210 469 1252 toga
490 1204 623 1252 pulla?
653 1202 715 1241 cui
737 1204 786 1242 de
804 1202 967 1241 balineis
984 1203 1140 1241 exeunti
1158 1211 1309 1253 praeter
1326 1211 1364 1242 te
1384 1210 1475 1254 toga
1490 1205 1596 1254 pulla

267 1281 455 1317 umquam
478 1269 569 1306 data
591 1270 678 1306 est?
735 1270 838 1307 Cum
860 1276 917 1307 tot
946 1268 1152 1306 hominum
1175 1268 1281 1307 milia
1301 1269 1593 1317 accumberent,

266 1346 355 1370 cum
378 1332 461 1382 ipse
483 1333 586 1382 epuli
608 1333 805 1380 dominus,
830 1335 876 1382 Q.
902 1333 1047 1380 Arrius,
1067 1334 1220 1372 albatus
1243 1342 1355 1381 esset,
1380 1342 1420 1372 tu
1442 1334 1482 1372 in
1503 1342 1596 1373 tem—

266 1399 375 1448 plum
398 1398 569 1437 Castoris
597 1407 634 1437 te
659 1413 749 1437 cum
771 1398 815 1438 C.
841 1398 983 1437 Fibulo
1002 1406 1127 1437 atrato
1149 1399 1368 1449 ceterisque
1393 1399 1468 1438 tuis
1490 1399 1595 1438 furiis

267 1465 464 1501 funestum
486 1463 661 1502 intulisti.
712 1463 811 1512 Quis
833 1471 915 1502 tum
937 1477 1017 1502 non
1040 1464 1241 1514 ingemuit,
1260 1464 1346 1514 quis
1368 1478 1449 1502 non
1470 1464 1595 1503 doluit
1616 1480 1655 1502 20

267 1528 319 1566 rei
341 1528 522 1578 publicae
549 1531 715 1567 casum?
744 1528 811 1578 qui
839 1542 969 1567 sermo
995 1528 1093 1567 alius
1123 1528 1162 1566 in
1190 1529 1256 1567 illo
1277 1531 1396 1579 epulo
1423 1529 1493 1568 fuit
1521 1529 1595 1567 nisi

267 1595 368 1631 hanc
395 1602 544 1632 tantam
573 1603 610 1633 et
637 1603 716 1633 tam
746 1608 902 1644 gravem
931 1594 1128 1633 civitatem
1157 1594 1375 1633 subiectam
1404 1608 1488 1633 esse
1513 1608 1594 1632 non

267 1661 388 1697 modo
410 1659 538 1707 furori,
561 1673 695 1698 verum
717 1660 833 1699 etiam
856 1659 1031 1698 inrisioni
1059 1661 1179 1698 tuae?
1237 1662 1359 1698 Hunc
1381 1668 1421 1698 tu
1444 1673 1593 1699 morem

266 1724 502 1773 ignorabas?
531 1738 751 1775 numquam
773 1726 933 1775 epulum
957 1725 1141 1763 videras?
1172 1738 1389 1774 numquam
1411 1739 1507 1775 puer
1526 1733 1593 1763 aut

265 1791 496 1829 adulescens
518 1791 617 1829 inter
638 1804 754 1829 cocos
775 1792 931 1829 fueras?
983 1789 1127 1836 Fausti,
1151 1790 1413 1829 adulescentis
1435 1790 1592 1829 nobilis·
1613 1805 1651 1836 25

266 1856 364 1903 simi,
396 1858 514 1906 paulo
543 1864 634 1895 ante
664 1871 710 1895 ex
739 1858 858 1906 epulo
889 1854 1279 1905 magnificentissimo
1311 1856 1454 1894 famem
1487 1855 1592 1893 illam

265 1929 434 1960 veterem
468 1929 575 1960 tuam
607 1935 688 1960 non
721 1923 926 1972 expleras?
994 1922 1126 1969 Quem
1157 1920 1392 1959 accumbere
1425 1927 1592 1958 atratum

265 1987 445 2025 videras?
474 1986 682 2025 dominum
704 2001 795 2025 cum
823 1994 913 2036 toga
935 1987 1040 2035 pulla
1061 1993 1099 2023 et
1120 1984 1203 2023 eius
1222 1984 1371 2023 amicos
1391 1992 1482 2023 ante
1503 1998 1593 2022 con-

265 2050 439 2089 vivium?
497 2053 611 2101 Quae
639 2060 745 2090 tanta
776 2057 809 2089 te
835 2049 960 2089 tenuit
984 2048 1156 2087 amentia
1186 2056 1237 2095 ut,
1262 2048 1335 2087 nisi
1365 2049 1404 2087 id
1435 2049 1592 2087 fecisses

309 2165 326 2193 7
353 2156 476 2185 suerint
493 2155 682 2196 Augelzus:
715 2155 849 2185 fuerunt
871 2153 959 2184 codd.
1116 2162 1153 2191 14
1179 2152 1357 2182 visendum
1382 2164 1461 2182 com.
1481 2152 1595 2183 Baiter

268 2201 306 2228 16
330 2199 458 2230 balneis
472 2198 577 2231 ΡἏΒΣ
670 2209 706 2238 17
732 2198 969 2229 accumberent
986 2197 1076 2237 (cum
1094 2195 1180 2234 togis
1197 2196 1294 2236 albis)
1312 2206 1384 2226 cum
1402 2195 1445 2227 K
1465 2195 1593 2227 Busche

268 2252 306 2279 19
331 2242 447 2273 Fidulo
467 2242 546 2274 GEs
635 2252 676 2281 25
702 2252 801 2272 cocos
819 2240 934 2271 PBG:
959 2250 1085 2279 coquos
1106 2239 1174 2270 cdd.
1195 2242 1266 2271 vett.
1366 2250 1405 2278 27
1431 2239 1590 2278 expleras

264 2285 503 2327 Naugerirns(
510 2287 545 2325 ):
571 2286 728 2325 expiares
744 2285 843 2316 P¹G:
867 2284 1024 2324 expiaras
1042 2282 1113 2312 20²2
1201 2283 1243 2312 28
1266 2282 1421 2314 videras?
1445 2283 1589 2313 Videras

265 2330 457 2361 dominum.
494 2330 708 2362 ‚convivium
723 2329 805 2367 (sme
817 2329 911 2368 signo
924 2329 1074 2367 mtemog.
1081 2327 1092 2366 )
1113 2325 1240 2363 Madv„
1257 2325 1395 2356 Mueller
1489 2337 1532 2365 29
1555 2332 1589 2357 te

263 2373 313 2402 laic
338 2374 445 2413 suppl.
473 2374 604 2404 Baiter
637 2378 669 2403 te
698 2377 792 2403 tanta
816 2372 892 2402 Hks
914 2372 960 2403 ed
983 2371 1037 2403 V.:
1066 2375 1159 2402 tanta
1182 2369 1246 2400 ΜΗ.
1353 2370 1526 2400 dementia
1551 2381 1588 2401 s:

265 2416 393 2447 insania
412 2418 469 2447 Hk
486 2418 540 2448 all.
