1774 2782
263 182 333 217 m:
367 181 532 219 DOMO
564 182 665 217 SVA
698 182 773 216 ΑῘ)
810 181 1136 219 PONTIFICES
1169 184 1385 220 ORATIO
1445 195 1486 221 12

160 302 246 326 mea
276 289 469 326 =sententia
496 288 669 335 offendit,
699 288 775 326 alio
807 290 926 327 modo
954 289 1002 326 sit
1032 290 1313 328 constituturus
1341 300 1406 329 aut
1436 295 1486 331 de

160 355 345 404 religione
375 355 550 406 pontifex
579 363 646 392 aut
676 357 727 393 de
762 369 800 393 re
837 355 994 405 publica
1024 355 1116 393 civis
1148 370 1265 406 quam
1299 371 1387 395 eum
1419 366 1485 396 aut

159 419 480 457 caerimoniarum
504 419 562 457 ius
582 428 649 457 aut
669 419 834 457 civitatis
856 421 958 457 salus
980 420 1160 469 coegerit.

213 486 413 534 Intellego,
438 484 654 534 pontifices,
680 498 742 521 me
763 486 871 533 plura
896 492 1001 522 extra
1022 498 1178 522 causam
1202 485 1343 524 dixisse
1365 501 1482 536 quam

120 564 136 594 5
156 558 223 587 aut
244 549 377 600 opinio
403 549 531 587 tulerit
558 557 624 587 aut
645 551 824 587 voluntas
847 564 958 596 meag
988 552 1057 588 scd
1079 564 1168 587 cum
1195 565 1257 588 me
1279 561 1483 601 purgatum

156 615 267 652 vobis
283 628 367 653 csse
383 628 576 664 cuperem,
598 622 680 652 tum
702 614 818 652 etiam
835 622 961 652 vestra
982 615 1021 652 in
1043 629 1104 653 me
1121 623 1268 654 attente
1285 617 1484 655 audiendo

157 680 374 729 benignitas
397 682 571 730 provexit
592 680 809 718 orationem
832 694 971 718 meam.
1019 682 1096 718 Sed
1119 682 1193 719 hoc
1215 684 1484 731 compensabo

156 745 343 783 brevitate
360 745 442 783 eius
463 745 648 783 orationis
666 759 766 794 quae
782 745 950 794 pertinet
965 746 1015 783 ad
1034 745 1156 795 ipsam
1175 759 1332 784 causam
1355 748 1484 797 cogni-

157 810 384 860 tionemque
404 818 596 858 vestram3
626 824 726 860 quae
751 824 841 848 cum
867 810 914 848 sit
936 810 974 847 in
997 810 1054 847 ius
1082 810 1277 860 religionis
1299 820 1336 850 et
1364 812 1401 849 in
1424 813 1482 850 ius

98 892 137 914 10
157 875 208 913 rei
244 875 425 925 publicae
457 875 674 921 distributa,
709 875 904 925 religionis
939 884 1101 925 partem,
1134 890 1235 925 quae
1266 878 1389 914 multo
1425 886 1482 915 est

156 939 363 986 verbosior,
387 939 704 988 praetermittam,
724 941 773 977 de
795 939 875 977 iure
896 939 949 977 rei
971 939 1151 989 publicae
1172 940 1312 979 dicam.
1373 941 1481 989 Quid

155 1013 212 1042 est
247 1004 350 1042 enim
381 1012 447 1041 aut
477 1011 556 1041 tam
589 1005 781 1054 adrogans
814 1018 931 1053 quam
967 1005 1018 1042 de
1048 1005 1244 1054 religione,
1281 1007 1331 1044 de
1365 1007 1481 1044 rebus

155 1069 306 1115 divinis,
348 1068 604 1115 caerimoniis,
647 1069 763 1106 sacris
804 1069 1035 1119 pontificum
1076 1070 1299 1120 conlegium
1338 1072 1482 1109 docere

154 1135 296 1179 conari,
323 1142 388 1171 aut
414 1142 492 1170 tam
518 1135 678 1170 stultum
708 1147 837 1183 quam,
865 1134 895 1171 si
921 1134 1007 1183 quis
1032 1136 1127 1184 quid
1152 1135 1190 1172 in
1212 1136 1346 1173 vestris
1375 1136 1481 1175 libris

97 1216 131 1246 15
153 1199 352 1245 invenerit,
376 1199 415 1236 id
444 1212 596 1236 narrare
617 1198 739 1244 vobis,
762 1207 828 1236 aut
853 1207 931 1236 tam
957 1199 1153 1237 curiosum
1176 1214 1293 1250 quam
1319 1215 1364 1238 ea
1384 1201 1481 1239 scire

153 1265 250 1301 velle
281 1265 330 1301 de
355 1263 496 1312 quibus
523 1262 688 1301 maiores
710 1263 828 1301 nostri
858 1278 925 1302 vos
954 1266 1057 1302 solos
1083 1273 1120 1302 et
1145 1266 1295 1303 consuli
1321 1274 1358 1304 et
1383 1267 1480 1305 scire

152 1329 386 1366 voluerunt?
444 1329 557 1377 Nego
586 1328 758 1376 potuisse
786 1328 866 1366 iure
890 1329 1060 1378 publico,
1088 1330 1238 1379 legibus
1267 1331 1310 1369 iis
1336 1331 1479 1381 quibus

153 1395 251 1431 haec
271 1393 404 1431 civitas
426 1393 556 1439 utitur,
579 1407 819 1442 quemquam
846 1394 970 1432 civem
993 1396 1071 1432 ulla
1091 1395 1173 1433 eius
1196 1396 1303 1434 modi
1326 1397 1480 1434 calami-

153 1466 231 1497 tate
255 1458 371 1496 adfici
396 1458 479 1496 sine
500 1457 670 1496 iudicio:
701 1460 776 1497 hoc
804 1459 895 1497 iuris
916 1459 954 1497 in
977 1461 1050 1497 hac
1074 1460 1229 1499 civitate
1254 1462 1369 1500 etiam
1396 1470 1478 1500 tum

95 1539 136 1561 20
154 1538 241 1561 curn
271 1537 379 1573 reges
406 1531 536 1562 essent
568 1523 659 1561 dico
690 1523 818 1571 fuisse,
851 1526 926 1562 hoc
958 1525 1071 1563 nobis
1102 1539 1187 1564 esse
1215 1540 1238 1564 a
1268 1528 1480 1567 maioribus

153 1589 348 1635 traditum,
368 1591 443 1627 hoc
461 1603 545 1627 esse
562 1589 732 1639 denique
750 1589 948 1639 proprium
967 1590 1111 1628 liberae
1131 1592 1310 1639 civitatis,
1326 1601 1367 1630 ut
1384 1593 1480 1631 nihil

153 1656 201 1693 de
229 1655 355 1704 capite
377 1654 470 1692 civis
490 1662 557 1692 aut
586 1656 637 1692 de
660 1654 773 1692 bonis
794 1654 877 1693 sine
906 1655 1051 1693 iudicio
1077 1664 1233 1694 senatus
1254 1665 1319 1695 aut
1345 1658 1479 1708 populi

151 1728 217 1757 aut
242 1733 375 1757 eorum
402 1719 467 1768 qui
493 1720 542 1757 de
573 1732 730 1768 quaque
759 1733 798 1757 re
823 1721 1024 1757 constituti
1054 1719 1202 1758 iudices
1223 1721 1300 1759 sint
1327 1723 1478 1760 detrahi

152 1784 284 1834 possit.
343 1783 517 1822 Videsne
548 1798 610 1822 me
638 1798 717 1821 non
744 1784 927 1822 radicitus
957 1786 1121 1823 evellere
1151 1786 1279 1824 omnis
1303 1787 1477 1825 actiones

93 1863 130 1894 25
153 1858 237 1886 tuas
262 1862 391 1898 neque
419 1848 514 1886 illud
542 1863 665 1898 agere,
694 1851 802 1898 quod
831 1858 1007 1900 apertum
1035 1858 1103 1896 est,
1131 1858 1166 1888 te
1194 1851 1358 1890 omnino
1383 1853 1477 1890 nihil

151 1914 315 1963 gessisse
343 1915 434 1960 iure,
461 1928 542 1951 non
570 1914 688 1952 fuisse
719 1914 918 1952 tribunum
948 1914 1084 1964 plebis,
1113 1916 1230 1954 hodie
1258 1930 1342 1955 esse
1367 1918 1479 1966 patri-

152 1979 285 2016 cium?
344 1980 445 2016 Dico
475 1980 581 2029 apud
617 1979 834 2029 pontifices,
868 1993 1032 2029 augures
1063 1981 1232 2018 adsunt:
1274 1995 1403 2020 versor
1438 1983 1476 2021 in

152 2045 283 2082 medio
305 2044 385 2082 iure
406 2044 575 2094 publico.

206 2111 325 2157 Quod
343 2117 409 2155 est,
429 2109 645 2159 pontifices,
666 2111 723 2147 ius
744 2110 998 2159 adoptionis?
1038 2112 1193 2160 Nempe
1210 2119 1251 2149 ut
1268 2111 1298 2149 is
1315 2114 1476 2162 adoptet

196 2223 213 2241 ρ
241 2212 391 2251 pontifex
420 2212 611 2243 Gulielmius
631 2225 636 2243 :
661 2213 840 2252 pontifices
866 2213 953 2243 codd.
970 2218 1096 2253 praeter
1112 2214 1172 2243 kM
1191 2214 1292 2254 (-um)
1310 2215 1384 2245 Hbc
1401 2217 1474 2255 t-is)

151 2266 169 2293 5
195 2255 317 2285 tulerat
337 2255 448 2287 Gmev.
542 2258 562 2286 8
584 2266 718 2287 causam
738 2261 775 2286 ut
792 2256 857 2286 cod.
882 2257 957 2287 Car.
975 2256 1086 2296 Slcplz.
1107 2258 1193 2287 ilat:
1211 2268 1278 2287 rem
1295 2259 1333 2289 k:
1361 2261 1474 2297 cogni?

152 2299 273 2329 tionem
293 2309 431 2338 remque
450 2305 594 2329 vestram
612 2300 629 2328 b
644 2311 649 2330 :
681 2311 745 2330 om.
763 2300 826 2330 rell.
979 2310 1013 2329 11
1041 2301 1314 2339 praetermittens
1331 2302 1476 2332 HGMek

152 2353 191 2380 24
218 2352 285 2371 non
303 2352 365 2371 om.
385 2347 426 2372 tw
443 2342 560 2373 Lamb.
583 2343 761 2372 (radicitus
782 2368 788 2374 .
806 2366 813 2374 .
836 2366 842 2372 .
862 2354 982 2382 meque
1006 2343 1086 2373 illud
1106 2344 1288 2374 Osiander:
1317 2345 1475 2375 radicitus

154 2408 181 2415 ..
193 2408 200 2415 .
217 2391 316 2424 atque
332 2385 410 2415 illud
424 2385 565 2426 Kayser)
636 2387 678 2416 26
694 2387 812 2426 hodie]
829 2387 891 2416 hoe
912 2387 949 2426 G,
965 2387 1052 2417 hunc
1066 2387 1114 2424 M,
1129 2398 1194 2416 om.
1208 2399 1223 2417 e
1237 2388 1347 2427 (Ball).
1365 2391 1379 2424 ξ
1395 2392 1451 2428 51)

1507 200 1542 230 31

1506 505 1543 535 32

1503 959 1542 990 33

1499 1345 1541 1382 13

1499 1799 1539 1830 34
