1774 2782
167 863 204 885 Ic

169 1188 205 1219 15

165 1514 205 1536 20

161 2166 203 2196 30

227 149 442 188 ORATIO
466 148 602 187 POST
626 150 889 186 REDITVM
916 150 973 186 IN
997 149 1215 187 SENATV
1239 151 1453 187 HABITA
1529 161 1551 188 2

226 274 306 299 rem
328 260 526 311 publicam
551 262 719 298 futuram
741 260 783 307 si,
807 274 896 299 cum
920 262 1050 299 hostes
1072 267 1190 310 atque
1211 260 1476 298 interfectores
1498 260 1551 299 rei

226 325 408 375 publicae
429 325 665 372 revixissent,
684 340 756 376 ego
774 340 853 364 non
871 326 1124 364 revertissem.
1174 326 1368 374 Idemque
1386 326 1452 363 illo
1467 326 1551 375 ipso

227 398 358 429 tamen
392 404 507 437 anno,
540 404 631 429 cum
661 404 734 440 ego
765 391 980 438 cessissem,
1012 391 1192 440 princeps
1223 398 1354 428 autem
1386 391 1550 429 civitatis

227 468 307 493 non
335 457 464 504 legum
492 455 687 505 praesidio
709 457 778 494 sed
802 456 993 506 parietum
1016 455 1133 493 vitam
1154 468 1263 493 suam
1287 463 1471 503 tueretur,
1493 470 1550 494 res

227 519 385 571 publica
404 521 487 559 sine
516 521 743 559 consulibus
773 528 885 568 esset,
909 534 1037 570 neque
1061 522 1188 559 solum
1218 521 1444 571 parentibus
1472 535 1551 571 per-

226 587 352 637 petuis
382 600 518 625 verum
545 587 665 625 etiam
695 587 889 625 tutoribus
919 587 1060 625 annuis
1091 594 1193 625 esset
1222 587 1372 634 orbata,
1402 595 1552 625 senten-

226 652 299 691 tias
325 652 458 692 dicere
485 652 805 703 probiberemini,
838 660 956 702 caput
992 665 1102 690 meae
1133 651 1427 702 proscriptionis
1463 652 1553 690 reci-

225 725 383 766 taretur,
403 731 622 768 numquam
646 717 855 756 dubitastis
883 730 1012 755 meam
1038 718 1203 755 salutem
1232 730 1322 755 cum
1351 717 1551 755 communi

226 785 350 821 salute
383 782 631 832 coniungere.
694 785 835 820 Postea
871 796 961 820 vero
1001 795 1120 831 quam
1157 781 1342 832 singulari
1377 789 1414 820 et
1451 795 1552 832 prae·

225 848 464 886 stantissima
497 847 637 885 virtute
669 849 709 885 P.
746 846 903 885 Lentuli
936 846 1108 884 consulis
1141 860 1187 884 ex
1219 846 1426 896 superioris
1461 846 1553 884 anni

225 913 390 964 caligine
411 921 448 951 et
470 913 640 952 tenebris
662 914 790 951 lucem
820 912 858 950 in
887 926 926 950 re
954 911 1111 962 publiea
1140 912 1332 950 Kalendis
1361 911 1552 949 Ianuariis

225 978 416 1028 dispicere
455 978 648 1028 coepistis,
687 991 778 1016 cum
819 979 868 1026 Q.
908 977 1070 1024 Metelli,
1108 977 1342 1015 nobilissimi
1381 977 1552 1015 hominis

223 1051 342 1093 atque
373 1042 512 1093 optimi
541 1042 620 1089 viri,
654 1056 807 1081 summa
841 1042 1023 1092 dignitas,
1053 1056 1143 1080 cum
1179 1050 1400 1092 praetorum
1436 1043 1553 1081 tribu-

224 1122 364 1146 norum
398 1107 522 1158 plebis
558 1121 683 1158 paene
717 1107 896 1146 omnium
928 1107 1047 1145 virtus
1083 1115 1120 1145 et
1154 1108 1252 1145 fides
1286 1107 1339 1145 rei
1373 1107 1552 1156 publicae

224 1172 480 1220 subvenisset,
511 1186 602 1210 cum
630 1172 770 1210 virtute
799 1172 921 1222 gloria
950 1172 1066 1210 rebus
1093 1171 1210 1221 gestis
1242 1173 1314 1211 Cn.
1340 1172 1552 1222 Pompeius

224 1237 402 1276 omnium
441 1237 628 1287 gentium,
666 1237 844 1276 omnium
880 1239 1137 1284 saeculorum,
1175 1236 1303 1275 omnis
1340 1237 1551 1276 memoriae

223 1302 336 1341 facile
357 1302 538 1352 princeps
560 1310 645 1340 tuto
666 1316 707 1340 se
723 1303 854 1340 venire
876 1301 914 1339 in
937 1309 1116 1340 senatum
1137 1302 1395 1348 arbitraretur,
1420 1309 1550 1340 tantus

223 1375 349 1407 vester
364 1381 579 1406 consensus
601 1368 651 1406 de
672 1369 796 1405 salute
814 1380 900 1405 mea
916 1366 987 1404 fuit
1003 1374 1045 1405 ut
1066 1380 1207 1417 corpus
1228 1367 1383 1405 abesset
1405 1381 1548 1414 meum,

224 1433 392 1483 dignitas
428 1433 504 1471 iam
538 1434 576 1470 in
612 1432 775 1482 patriam
806 1432 1034 1471 revertisset.
1096 1434 1188 1481 Quo
1218 1433 1379 1482 quidem
1416 1447 1550 1471 mense

225 1498 321 1549 quid
352 1498 451 1536 inter
476 1511 538 1536 me
572 1505 609 1536 et
643 1511 750 1535 meos
783 1497 964 1536 inimicos
998 1497 1201 1536 interesset
1233 1497 1452 1536 existimare
1486 1512 1550 1547 po-

225 1562 363 1601 tuistis.
425 1565 509 1612 Ego
531 1576 660 1601 meam
688 1564 855 1600 salutem
877 1562 1042 1609 deserui,
1066 1576 1116 1601 ne
1136 1570 1293 1612 propter
1322 1577 1383 1600 me
1404 1562 1547 1601 civium

224 1628 450 1667 vulneribus
471 1641 530 1666 res
552 1628 709 1678 publica
730 1635 1017 1667 cruentaretur:
1050 1627 1102 1665 illi
1126 1641 1257 1666 meum
1279 1627 1446 1666 reditum
1470 1642 1548 1666 non

225 1694 362 1745 populi
384 1694 557 1733 Romani
578 1694 767 1743 suffragiis
789 1696 858 1732 sed
881 1695 1041 1733 flumine
1063 1695 1261 1744 sanguinis
1290 1696 1549 1733 intercluden-

224 1761 319 1798 dum
352 1768 595 1811 putaverunt.
657 1761 796 1809 Itaque
836 1768 972 1810 postea
1011 1760 1105 1798 nihil
1142 1774 1209 1798 vos
1249 1759 1409 1805 civibus,
1451 1760 1547 1797 nihil

224 1824 352 1872 sociis,
385 1825 481 1863 nihil
516 1825 671 1874 regibus
705 1825 987 1875 respondistis3
1022 1826 1118 1863 nibil
1152 1825 1300 1864 iudices
1333 1825 1546 1871 sententiis,

223 1889 319 1927 nibil
341 1891 509 1940 populus
531 1889 733 1939 suffragiis,
750 1890 845 1927 nibil
868 1890 930 1928 hic
951 1892 1048 1928 ordo
1069 1890 1299 1929 auctoritate
1319 1890 1547 1935 declaravit;

223 1963 377 1993 mutum
394 1956 531 2002 forum,
551 1954 747 2004 elinguem
765 1954 923 2001 curiam,
943 1955 1099 1993 tacitam
1117 1963 1154 1993 et
1172 1957 1331 1993 fractam
1348 1955 1544 1993 civitatem

1580 167 1592 196 4

223 2019 426 2058 videbatis.
487 2021 579 2068 Quo
609 2019 771 2069 quidem
807 2027 994 2069 tempore,
1030 2033 1119 2057 cum
1157 2019 1186 2057 is
1220 2020 1447 2058 excessisset
1479 2019 1544 2069 qui
1578 2030 1590 2061 7

221 2085 332 2124 caedi
363 2093 400 2124 et
428 2087 608 2123 flammae
636 2085 746 2123 vobis
776 2085 1001 2123 auctoribus
1032 2084 1232 2132 restiterat,
1260 2098 1349 2123 cum
1380 2086 1479 2122 ferro
1509 2093 1545 2122 et

222 2150 371 2188 facibus
406 2150 586 2189 homines
627 2157 708 2188 tota
747 2150 843 2188 urbe
876 2150 1083 2196 volitantis,
1122 2150 1412 2199 magistratuum
1444 2156 1545 2187 tecta

221 2215 457 2266 impugnata,
482 2217 646 2254 deorum
667 2217 813 2265 templa
836 2215 1086 2262 inflammata,
1111 2216 1252 2252 summi
1275 2214 1340 2252 viri
1363 2222 1400 2252 et
1422 2213 1546 2252 claris<

264 2331 283 2350 2
308 2320 468 2360 Idemque
487 2321 618 2361 scripsi:
646 2321 756 2360 itaque
774 2320 860 2351 codd.
877 2323 1034 2360 praeiere
1055 2319 1188 2358 (atque)
1305 2329 1324 2357 3
1347 2323 1459 2349 tamen
1479 2329 1543 2348 om.

220 2362 276 2394 H:
298 2367 369 2395 tum
386 2363 406 2394 k
537 2366 558 2394 6
581 2374 642 2394 vos
659 2368 732 2394 ante
747 2365 932 2394 sententias
950 2362 1024 2393 add.
1045 2363 1089 2394 K.
1111 2364 1286 2393 Lehmann
1418 2372 1452 2399 17
1480 2373 1544 2392 non

221 2405 334 2438 arbitr.
354 2420 368 2438 ε
461 2409 498 2438 18
523 2412 557 2439 ut
579 2407 654 2438 licet
671 2417 794 2447 corpus
813 2406 910 2444 Hb25,
927 2406 974 2437 ed.
992 2407 1051 2444 R,
1069 2410 1098 2436 et
1113 2407 1145 2437 t'n
1164 2406 1196 2436 P
1209 2417 1233 2436 s.
1252 2406 1271 2436 l.
1292 2415 1381 2436 man.
1403 2415 1456 2436 να.

1380 2488 1434 2517 1³(ss
