1774 2782
280 159 354 195 DE
387 156 755 195 HARVSPICVM
789 156 1074 194 RESPONSO
1106 156 1321 194 ORATIO
1424 167 1464 203 13
1486 173 1524 204 29

143 275 269 306 torum
301 267 534 306 testimoniis
565 274 757 313 ornatum,
787 275 826 304 tu
858 266 974 304 etiam
1006 279 1135 315 regem
1165 266 1348 316 appellari
1377 280 1466 303 cum

144 333 346 383 Brogitaro
368 333 488 371 iubes.
549 333 626 370 Sed
652 334 749 370 alter
773 339 831 370 est
859 344 922 370 rex
951 331 1096 370 iudicio
1118 339 1275 369 senatus
1296 344 1363 380 per
1384 344 1466 377 nos,

143 398 309 448 pecunia
341 399 563 447 Brogitarus
594 410 662 447 per
691 405 729 435 te
758 398 977 446 appellatus
1009 427 1015 433 .
1049 426 1056 433 .
1088 427 1095 434 .
1127 397 1290 433 alterum
1322 397 1471 446 putabo

142 475 283 513 regem,
307 462 336 500 si
359 462 538 500 habuerit
560 463 666 500 unde
694 461 762 499 tibi
792 463 915 499 solvat
936 462 1043 511 quod
1066 462 1098 498 ei
1122 474 1189 510 per
1210 462 1467 510 syngrapham

105 543 122 573 5
142 527 352 565 credidisti.
404 529 505 565 Nam
527 540 617 564 cum
640 527 762 564 multa
789 526 892 575 regia
919 534 1009 563 sunt
1031 525 1068 562 in
1093 525 1280 563 Deiotaro
1302 533 1383 562 tum
1407 526 1470 563 illa

143 591 321 637 maxime,
340 593 448 641 quod
470 591 539 629 tibi
558 605 764 628 nummum
782 592 933 628 nullum
951 590 1071 635 dedit,
1091 590 1198 639 quod
1216 603 1301 627 eam
1320 598 1468 638 partem

142 656 236 706 legis
257 664 347 694 tuae
367 670 468 706 quae
489 657 731 706 congruebat
760 670 848 694 cum
872 655 1018 693 iudicio
1046 662 1216 701 senatus,
1239 662 1281 692 ut
1302 654 1384 704 ipse
1405 668 1469 693 rex

142 730 254 769 esset,
290 735 369 759 non
403 721 631 771 repudiavit,
666 722 775 770 quod
809 720 1082 758 Pessinuntem
1118 733 1186 769 per
1217 721 1344 758 scelus
1375 733 1397 757 a
1432 728 1470 758 te

143 787 331 825 violatum
366 795 404 825 et
435 787 638 825 sacerdote
672 785 870 836 sacrisque
908 785 1119 835 spoliatum
1152 784 1390 834 reciperavit,
1429 794 1470 822 ut

86 868 124 890 10
145 853 181 889 in
215 851 376 902 pristina
408 852 594 902 religione
629 860 807 898 servaret,
842 852 950 900 quod
985 850 1242 888 caerimonias
1277 850 1327 888 ab
1362 850 1469 888 omni

143 924 334 955 vetustate
361 925 542 967 acceptas
569 930 593 954 a
620 917 822 966 Brogitaro
851 915 972 966 pollui
1004 929 1084 954 non
1114 915 1216 961 sinit,
1244 917 1470 965 mavultque

141 995 327 1031 generum
359 995 472 1019 suum
505 994 665 1019 munere
695 989 764 1019 tuo
794 994 911 1030 quam
945 982 1040 1019 illud
1071 982 1204 1018 fanum
1237 980 1469 1030 antiquitate

142 1045 339 1096 religionis
378 1059 521 1084 carere.
589 1047 667 1084 Sed
702 1054 741 1084 ut
777 1047 828 1084 ad
862 1047 961 1083 haec
996 1046 1247 1095 haruspicum
1284 1060 1470 1096 responsa

142 1112 311 1157 redeam,
335 1124 380 1149 ex
403 1110 546 1160 quibus
567 1119 624 1149 est
647 1110 815 1160 primum
837 1112 887 1148 de
915 1110 1027 1157 ludis,
1052 1111 1139 1160 quis
1161 1119 1218 1149 est
1239 1110 1306 1160 qui
1328 1112 1367 1149 id
1389 1125 1470 1149 non

86 1189 122 1221 15
142 1182 268 1213 totum
291 1175 327 1212 in
352 1175 460 1213 istius
478 1177 592 1214 ludos
608 1177 852 1225 praedictum
871 1183 908 1214 et
925 1189 1156 1225 responsum
1175 1189 1260 1214 esse
1277 1177 1470 1214 fateatur?

196 1240 378 1289 Sequitur
392 1242 442 1278 de
458 1240 553 1278 locis
570 1240 700 1287 sacris,
715 1241 913 1290 religiosis.
954 1242 990 1280 O
1005 1241 1289 1291 impudentiam
1306 1241 1442 1279 miram
1461 1245 1467 1279 1

141 1307 192 1344 de
214 1319 300 1343 mea
320 1307 442 1344 domo
467 1306 597 1344 dicere
624 1307 776 1344 audes?
833 1306 1050 1345 Committe
1071 1308 1131 1345 vel
1158 1307 1386 1345 consulibus
1408 1309 1466 1345 vel

143 1370 294 1409 senatui
315 1373 375 1408 vel
396 1370 577 1420 conlegio
599 1370 830 1420 pontificum
859 1379 979 1408 tuam.
1037 1374 1096 1409 Ac
1119 1385 1205 1409 mea
1226 1371 1386 1421 quidem
1408 1372 1467 1409 his

143 1436 265 1474 tribus
286 1435 470 1473 omnibus
491 1435 657 1482 iudiciis,
679 1443 721 1473 ut
748 1435 824 1473 dixi
854 1444 980 1482 antea,
1004 1435 1165 1474 liberata
1192 1444 1274 1483 est,
1303 1445 1341 1474 at
1362 1437 1400 1474 in
1423 1437 1467 1474 iis

83 1516 123 1537 20
142 1500 306 1538 aedibus
328 1513 424 1549 quas
453 1507 504 1546 tu,
529 1502 577 1548 Q.
601 1499 702 1547 Seio,
726 1500 857 1550 equite
886 1502 1081 1546 Romano,
1106 1500 1186 1538 viro
1211 1502 1377 1550 optimo,
1402 1516 1467 1551 per

143 1572 180 1602 te
200 1564 443 1614 apertissime
464 1564 680 1610 interfecto,
704 1572 824 1610 tenes,
848 1566 1035 1602 sacellum
1063 1565 1154 1603 dico
1175 1565 1293 1603 fuisse
1313 1572 1348 1602 et
1369 1579 1464 1603 aras.

142 1630 305 1668 Tabulis
319 1631 395 1668 hoc
409 1630 606 1676 censoriis,
624 1629 811 1667 memoria
826 1631 1037 1668 multorum
1053 1631 1218 1668 firmabo
1234 1644 1278 1668 ac
1293 1631 1466 1670 docebo:

142 1702 276 1744 agatur
304 1696 424 1732 modo
452 1696 548 1732 haec
579 1708 647 1740 res,
672 1695 781 1744 quod
808 1708 853 1732 ex
883 1708 930 1732 eo
961 1703 1118 1732 senatus
1148 1697 1329 1733 consulto
1359 1697 1467 1745 quod

144 1773 266 1809 nuper
286 1767 344 1797 est
365 1760 510 1797 sactum
538 1759 666 1797 referri
692 1761 742 1797 ad
770 1773 838 1797 vos
866 1773 1026 1798 necesse
1054 1768 1122 1806 est,
1146 1761 1275 1798 habeo
1296 1774 1396 1810 quae
1417 1762 1467 1798 de

85 1841 123 1872 25
144 1825 239 1862 locis
260 1824 446 1874 religiosis
474 1824 588 1862 velim
618 1825 759 1862 dicere.
820 1826 922 1863 Cum
950 1826 1000 1862 de
1024 1826 1146 1863 domo
1174 1833 1240 1862 tua
1260 1825 1405 1867 dixero,
1429 1825 1466 1862 in
1489 1850 1505 1867 ,

144 1903 221 1939 qua
250 1898 382 1927 tamen
413 1889 465 1926 ita
494 1898 552 1927 est
583 1889 874 1928 inaedificatum
907 1891 1092 1928 sacellum
1123 1898 1165 1927 ut
1194 1890 1292 1927 alius
1323 1890 1464 1936 fecerit,

143 1954 212 1993 tibi
235 1962 386 1992 tantum
416 1955 537 1992 modo
564 1955 612 1992 sit
639 1954 947 2000 demoliendum,
972 1962 1055 1992 tum
1077 1955 1222 1993 videbo
1250 1969 1343 1992 num
1373 1957 1467 1993 mihi

143 2033 303 2058 necesse
331 2019 378 2057 sit
406 2021 455 2058 de
483 2019 566 2058 aliis
594 2019 711 2058 etiam
738 2019 887 2069 aliquid
916 2020 1057 2058 dicere.
1117 2022 1259 2058 Putant
1285 2020 1389 2058 enim
1416 2022 1467 2058 ad

186 2133 205 2162 3
230 2122 365 2153 lacunae
387 2123 523 2163 signum
549 2121 624 2153 add.
653 2122 756 2162 Kays.
784 2126 865 2154 auct.
893 2123 1002 2154 Bait:
1045 2124 1234 2163 appellatus
1261 2124 1356 2155 alter.
1385 2124 1465 2154 Eum

144 2166 269 2206 putabo
278 2166 356 2206 Jeep
448 2176 487 2204 19
508 2166 649 2196 liberata
663 2172 713 2196 est
728 2166 796 2196 Istc:
822 2166 924 2197 libera
939 2172 988 2197 est
1004 2167 1108 2197 BHkt
1122 2170 1152 2205 [ξ
1165 2172 1220 2206 25)
1237 2179 1242 2198 :
1269 2168 1405 2198 liberast
1418 2169 1468 2199 P:

143 2211 293 2241 libertast
323 2209 371 2240 G:
403 2209 521 2240 liberat
548 2210 580 2239 E
711 2220 749 2239 21
783 2214 817 2239 et
842 2220 906 2241 om.
934 2210 1043 2241 eodm:
1077 2216 1109 2242 ct
1134 2222 1210 2241 aras
1233 2210 1292 2241 dd.
1314 2211 1468 2241 Zielinslez

143 2264 183 2284 22
200 2252 364 2283 censoriis
373 2252 476 2283 Bam:
494 2254 644 2283 censoris
655 2251 694 2282 P'
703 2252 775 2283 GE:
792 2263 951 2284 censores
960 2253 1169 2285 fflBllsslhk:
1191 2265 1368 2284 censorum
1377 2256 1464 2294 vulg.

144 2307 184 2335 23
208 2296 316 2336 quod]
329 2306 426 2335 quam
441 2296 522 2327 Ern.
540 2309 545 2327 1
565 2296 673 2334 ‘quod
686 2296 805 2326 referri
830 2307 970 2327 necesse
988 2302 1039 2327 est
1056 2297 1190 2328 breviter
1204 2298 1326 2328 dictum
1343 2301 1389 2328 est
1403 2298 1422 2328 i.
1434 2309 1464 2336 q.

143 2340 232 2379 quod
251 2339 325 2370 fieri
342 2349 484 2370 necesse
500 2344 562 2377 est,
584 2345 618 2369 ut
635 2339 798 2369 reseratur
812 2339 963 2370 ’Mueller
1091 2351 1129 2378 24
1156 2351 1215 2371 vos
1233 2341 1290 2371 bk:
1317 2351 1379 2371 nos
1398 2341 1463 2371 rell.

144 2384 187 2412 28
210 2383 251 2413 ad
275 2392 329 2412 me
352 2393 421 2412 non
440 2383 520 2412 nulli
538 2382 635 2412 Ρ-’Βῑ
661 2392 725 2412 non
741 2393 805 2414 om.
820 2382 883 2413 P¹:
907 2393 975 2413 non
993 2384 1073 2414 nulli
1092 2394 1155 2414 0171.
1173 2395 1217 2414 w:
1244 2394 1310 2414 non
1328 2385 1406 2414 nulli
1424 2384 1466 2414 ad

145 2437 197 2456 me
214 2425 291 2456 ku
307 2423 377 2456 edd.
396 2425 451 2464 R,
475 2425 510 2456 V.

187 2492 250 2512 cle.
272 2491 314 2511 DE
333 2491 418 2511 HAR.
439 2491 536 2513 RESP.
1360 2485 1380 2513 8

1489 1224 1531 1260 14

1489 1285 1528 1314 30
