1774 2782
107 517 124 549 5

87 846 124 868 10

87 1495 124 1517 20

293 139 362 174 1)Ιὲ
398 138 766 177 HARVSPICVM
801 138 1083 177 RESPONSO
1115 139 1333 178 ORATIO
1428 149 1469 177 12

145 261 223 295 eos,
246 261 412 297 quorum
435 247 567 297 religio
589 255 696 285 tanta
717 255 774 286 est
796 255 836 286 ut
862 261 907 286 ex
929 247 1075 286 ultimis
1096 249 1204 286 terris
1224 249 1408 287 arcessita
1431 251 1467 287 in

144 314 217 351 hac
245 313 339 351 urbe
367 312 598 358 consederit,
626 312 691 362 qui
721 314 787 350 uni
817 312 898 351 ludi
927 327 975 351 ne
1004 314 1123 351 verbo
1150 313 1312 362 quidem
1339 316 1469 364 appel-

144 379 270 415 lantur
300 378 452 424 Latino,
474 385 516 415 ut
547 377 741 415 vocabulo
770 377 854 427 ipso
881 386 918 415 et
949 377 1122 427 appetita
1150 377 1283 426 religio
1311 385 1469 416 externa

145 450 182 481 et
212 442 349 480 Matris
380 443 551 491 Magnae
582 442 742 480 nomine
770 450 950 492 suscepta
977 444 1322 481 declaretur—lios
1353 444 1466 481 ludos

144 507 241 546 servi
272 508 456 553 fecerunt,
483 508 580 544 servi
612 514 896 557 spectaverunt,
923 514 1005 545 tota
1034 508 1206 556 denique
1236 509 1311 546 lioc
1340 508 1467 546 aedile

143 585 341 611 servorum
361 573 574 622 Megalesia
595 573 760 610 fuerunt.
809 573 883 609 Pro
903 573 942 610 di
966 571 1203 610 immortales
1221 576 1227 610 1
1257 572 1323 622 qui
1347 572 1467 622 magis

143 637 349 675 nobiscum
368 636 474 686 loqui
492 636 668 686 possetis,
686 636 716 674 si
732 637 868 675 essetis
885 636 1213 686 versareminique
1231 637 1437 675 nobiscum
1453 639 1468 675 ?

146 702 278 739 Ludos
295 714 379 739 csse
396 702 565 751 pollutos
582 701 826 751 significastis
843 714 888 738 ac
906 702 1020 750 plane
1037 701 1175 739 dicitis.
1220 701 1327 750 Quid
1347 701 1467 751 magis

143 765 684 815 inquinatum,deformatum,
702 778 938 815 perversum,
955 766 1231 803 conturbatum
1247 765 1323 804 dici
1339 774 1467 815 potest

143 844 260 881 quam
291 844 410 869 omne
439 830 647 875 servitium,
681 830 873 880 permissu
904 830 1148 879 magistratus
1178 830 1394 878 liberatum,
1429 833 1468 869 in

141 897 300 934 alteram
322 909 504 934 scaenam
526 895 742 942 inmissum,
765 895 875 933 alteri
896 894 1174 945 praepositum,
1192 903 1234 932 ut
1254 896 1349 934 alter
1378 909 1468 934 con-

142 973 270 998 sessus
300 961 482 1010 potestati
513 973 711 998 servorum
742 960 974 1006 obiceretur,
1004 961 1100 998 alter
1130 972 1329 998 servorum
1362 968 1467 998 totus

142 1033 242 1064 esset
257 1028 273 1063 ?
311 1026 349 1064 Si
367 1039 531 1064 examen
543 1026 675 1075 apium
692 1026 794 1063 ludis
810 1025 848 1062 in
867 1038 1049 1063 scaenam
1066 1037 1272 1063 caveamve
1284 1026 1463 1070 venisset,

142 1091 365 1141 haruspices
394 1090 604 1129 acciendos
633 1103 681 1129 ex
713 1089 866 1128 Etruria
895 1098 1145 1139 putaremus:
1177 1090 1356 1127 videmus
1386 1091 1468 1127 uni-

142 1156 238 1194 versi
267 1163 426 1205 repente
454 1155 633 1194 examina
662 1162 772 1194 tanta
800 1168 999 1193 servorum
1029 1154 1189 1192 inmissa
1210 1154 1248 1191 in
1276 1156 1466 1204 populum

144 1223 368 1259 Romanum
395 1229 574 1271 saeptum
601 1228 720 1271 atque
746 1220 952 1267 inclusum,
977 1227 1015 1258 et
1037 1233 1116 1257 non
1142 1221 1467 1258 commovemur?

142 1288 274 1335 Atque
295 1285 333 1323 in
353 1287 485 1336 apium
503 1287 664 1323 sortasse
685 1286 863 1324 examine
881 1298 950 1322 nos
971 1298 1017 1322 ex
1040 1286 1294 1322 Etruscorum
1316 1283 1467 1333 scriptis

143 1350 365 1401 haruspices
392 1357 475 1388 uta
496 1349 652 1388 servitio
679 1363 905 1388 caveremus
934 1356 1149 1387 monerent.
1211 1349 1332 1397 Quod
1355 1347 1467 1397 igitur

142 1428 188 1454 ex
208 1417 341 1465 aliquo
364 1416 542 1453 diiuncto
569 1414 802 1464 diversoque
829 1422 1004 1452 monstro
1029 1413 1289 1463 significatum
1318 1426 1468 1452 cavere-

144 1494 241 1528 mus,
265 1481 303 1518 id
327 1494 417 1519 cum
445 1480 573 1530 ipsum
601 1479 674 1518 sibi
706 1487 923 1517 monstrum
953 1486 1021 1525 est,
1047 1486 1084 1516 et
1111 1492 1202 1516 cum
1234 1478 1273 1515 in
1305 1491 1352 1516 eo
1383 1477 1467 1528 ipso

143 1545 357 1596 periculum
380 1553 437 1583 est
456 1558 503 1583 ex
520 1558 600 1595 quo
616 1546 831 1595 periculum
850 1544 1105 1594 portenditur,
1126 1557 1204 1581 non
1223 1543 1468 1593 pertimesce-

142 1613 258 1648 mus?
316 1610 432 1648 Istius
463 1609 571 1648 modi
603 1610 817 1659 Megalesia
844 1609 934 1647 fecit
963 1616 1070 1658 pater
1097 1617 1197 1655 tuus,
1222 1610 1332 1646 istius
1360 1608 1468 1646 modi

143 1677 330 1725 patruus?
388 1677 426 1713 Is
455 1675 550 1712 mihi
577 1676 694 1713 etiam
722 1675 873 1724 generis
901 1675 960 1712 sui
984 1675 1224 1712 mentionem
1253 1675 1354 1721 facit,
1378 1687 1468 1711 cum

144 1741 379 1779 Athenionis
395 1749 461 1779 aut
478 1741 650 1791 Spartaci
673 1742 854 1790 exemplo
871 1742 985 1778 ludos
1003 1742 1129 1778 facere
1151 1741 1328 1778 maluerit
1351 1754 1469 1790 quam

145 1809 189 1847 C.
211 1816 278 1845 aut
305 1807 409 1857 Appi
437 1807 725 1846 Claudiorum?
783 1806 845 1844 Illi
872 1808 962 1843 cum
991 1807 1105 1843 ludos
1132 1807 1314 1852 facerent,
1339 1819 1469 1843 servos

143 1874 193 1911 de
215 1886 333 1912 cavea
359 1874 462 1911 exire
483 1872 694 1910 iubebant:
726 1879 768 1910 tu
797 1873 833 1909 in
862 1873 1022 1909 alteram
1051 1884 1180 1909 servos
1209 1869 1401 1916 immisisti,
1424 1884 1470 1908 ex

142 1940 261 1976 altera
274 1939 417 1976 liberos
431 1937 588 1976 eiecisti.
619 1939 759 1986 Itaque
772 1936 837 1986 qui
852 1944 967 1974 antea
978 1949 1072 1973 voce
1087 1937 1290 1985 praeconis
1303 1949 1324 1973 a
1339 1935 1469 1973 liberis

142 2004 455 2050 semovebantur,
479 2004 554 2041 tuis
585 2003 686 2040 ludis
717 2016 798 2040 non
828 2015 924 2039 voce
955 2002 1024 2039 sed
1056 2014 1174 2038 manu
1206 2000 1349 2038 liberos
1378 2014 1401 2038 a
1428 2014 1468 2038 se

142 2068 406 2118 segregabant.
478 2068 539 2106 Ne
574 2069 650 2106 hoc
685 2067 845 2116 quidem
881 2066 950 2104 tibi
991 2065 1029 2103 in
1066 2073 1237 2103 mentem
1272 2065 1465 2111 veniebat,

86 2145 98 2155 ⁶
142 2134 332 2183 Sibyllino
363 2134 568 2180 sacerdoti,
601 2134 698 2171 haec
731 2145 838 2170 sacra
872 2131 1036 2169 maiores
1069 2138 1222 2169 nostros
1258 2144 1303 2168 ex
1334 2129 1467 2168 vestris

190 2248 226 2268 10
251 2238 427 2269 liberatum
444 2238 533 2269 kall.
562 2239 592 2277 (ς’
612 2238 667 2276 3οὟ
688 2249 693 2267 ;
724 2236 882 2266 liberatus
908 2234 1078 2266 P¹HEM:
1112 2235 1266 2264 libertum
1291 2233 1350 2263 Psst
1374 2235 1467 2269 (corr.

141 2280 281 2312 liberum
302 2282 365 2320 B):
391 2282 497 2312 libera
513 2282 543 2311 vi
561 2293 588 2311 S.
608 2281 713 2311 libero
730 2281 820 2310 aditu
842 2279 955 2310 Madv.
1054 2289 1090 2317 13
1114 2289 1270 2308 scaenam
1289 2287 1468 2307 caveamve

141 2326 289 2356 venisset
315 2326 500 2357 Momms.:
531 2335 668 2355 caenam
698 2333 833 2353 caveam
859 2323 1009 2352 venisset
1036 2322 1097 2352 {³¹2
1132 2331 1287 2352 scaenam
1318 2320 1467 2349 venisset

140 2366 219 2397 P2B
236 2369 301 2400 rell.
436 2380 478 2400 22
502 2369 599 2399 istius
617 2368 705 2397 modi
725 2372 860 2406 patruus
878 2378 903 2396 s.
918 2366 938 2396 l.
959 2366 1000 2396 ΡΞ

1493 153 1530 186 ²4

1492 1355 1529 1386 26

1490 2076 1530 2112 Ι3
