1774 2782
490 164 598 201 PRO
630 165 670 201 P.
703 164 896 202 SESTIO
927 164 1142 202 ORATIO
1426 171 1478 209 45
1496 175 1538 208 97

150 272 286 321 integri
308 280 399 310 sunt
425 280 464 310 et
490 272 572 310 sani
598 280 636 310 et
657 273 759 310 bcne
787 274 836 311 de
865 273 980 311 rebus
1009 272 1236 311 domesticis
1265 273 1477 310 constituti.

152 340 308 376 Horum
330 337 396 387 qui
413 337 615 384 voluntati,
635 338 868 384 commodis,
887 337 1141 387 opinionibus
1164 337 1202 374 in
1222 338 1478 387 gubernanda

149 416 188 441 re
208 403 366 452 publica
382 402 566 449 serviunt,
583 403 809 440 defensores
827 402 1076 452 optimatium
1098 402 1251 451 ipsique
1267 402 1476 452 optimates

147 467 360 517 gravissimi
378 475 415 505 et
429 467 630 505 clarissimi
645 467 748 505 cives
766 475 1020 504 numerantur
1033 475 1071 504 et
1086 466 1279 516 principes
1296 467 1474 505 civitatis.

109 550 126 581 5
149 532 256 581 Quid
279 540 336 570 est
358 532 473 581 igitur
500 532 745 581 propositum
774 532 833 569 his
862 531 913 569 rei
941 532 1122 581 publicae
1149 531 1474 581 gubernatoribus
1495 538 1535 576 98

147 598 254 646 quod
284 597 423 634 intueri
456 605 492 634 et
521 610 599 646 quo
631 610 788 634 cursum
819 610 935 634 suum
965 596 1139 646 derigere
1169 596 1369 634 debeant?
1429 599 1476 635 Id

146 663 254 711 quod
292 670 349 700 est
389 661 766 711 praestantissimum
803 661 1049 711 maximeque
1085 661 1257 711 optabile
1292 662 1475 700 omnibus

145 727 248 764 sanis
282 735 320 765 et
352 727 467 765 bonis
498 735 535 765 et
566 727 701 773 beatis,
736 741 826 765 cum
861 727 1052 777 dignitate
1086 727 1222 765 otium.
1288 728 1380 764 Hoc
1410 727 1475 777 qui

145 793 292 837 volunt,
310 805 448 829 omnes
469 791 690 841 optimates,
714 791 780 841 qui
803 791 986 838 efficiunt,
1012 791 1154 829 summi
1176 791 1245 828 viri
1266 799 1304 829 et
1324 805 1477 830 conser-

88 873 126 895 10
144 865 295 894 vatores
325 856 490 894 civitatis
520 865 730 906 putantur;
769 871 899 907 neque
924 857 1029 895 enim
1060 870 1188 895 rerum
1217 859 1474 907 gerendarum

144 921 333 972 dignitate
367 921 548 959 homines
587 922 722 960 ecferri
762 922 815 960 ita
853 922 1038 961 convenit
1077 930 1118 960 ut
1157 921 1239 960 otio
1277 936 1357 960 non
1394 936 1476 972 pro-

144 986 320 1036 spiciant,
351 1000 483 1037 neque
518 988 640 1025 ullum
675 988 887 1037 amplexari
923 987 1047 1026 otium
1079 989 1187 1037 quod
1217 988 1424 1026 abhorreat
1453 1002 1475 1026 a

143 1052 344 1102 dignitate.

198 1117 331 1155 Huius
346 1124 478 1155 autem
493 1117 644 1156 otiosae
658 1117 857 1168 dignitatis
874 1119 971 1156 haec
989 1118 1245 1155 fundamenta
1262 1125 1362 1164 sunt,
1378 1119 1474 1155 haec
1494 1120 1548 1166 46

87 1199 122 1231 15
144 1183 330 1230 membra,
353 1196 454 1233 quae
475 1184 623 1221 tuenda
644 1183 886 1233 principibus
915 1191 952 1221 et
973 1184 1033 1221 vel
1057 1182 1195 1232 capitis
1217 1183 1390 1232 periculo
1411 1185 1474 1221 de-

144 1249 343 1286 fendenda
356 1256 445 1286 sunt
461 1264 468 1286 :
499 1248 717 1298 religiones,
733 1248 920 1297 auspicia,
934 1255 1147 1298 potestates
1164 1248 1471 1297 magistratuum,

143 1321 300 1350 senatus
324 1312 545 1360 auctoritas,
569 1314 685 1362 leges,
710 1326 796 1350 mos
821 1314 1025 1360 maiorum,
1048 1312 1203 1360 iudicia,
1227 1313 1318 1351 iuris
1339 1313 1471 1359 dictio,

143 1378 251 1424 fides,
278 1377 511 1427 provinciae,
539 1377 646 1425 socii,
674 1377 813 1427 imperi
843 1379 937 1426 laus,
965 1392 1024 1416 res
1054 1378 1239 1425 militaris,
1269 1378 1470 1417 aerarium.

145 1444 299 1480 Harum
320 1456 448 1481 rerum
469 1450 526 1481 tot
547 1450 666 1493 atque
691 1451 887 1482 tantarum
915 1457 1000 1482 esse
1021 1445 1269 1482 defensorem
1290 1451 1328 1481 et
1349 1452 1474 1493 patro-
1493 1457 1535 1488 99

84 1524 124 1546 20
144 1522 238 1546 num
260 1508 391 1559 magni
410 1507 531 1547 animi
553 1516 621 1555 est,
646 1508 778 1559 magni
799 1508 930 1559 ingeni
953 1522 1197 1559 magnaeque
1218 1509 1472 1548 constantiae.

145 1573 302 1612 Etenim
323 1573 362 1612 in
383 1582 494 1612 tanto
509 1574 654 1612 civium
676 1588 842 1613 nurnero
864 1588 1004 1624 magna
1026 1574 1238 1613 multitudo
1259 1583 1317 1613 est
1337 1589 1472 1614 eorum

142 1638 208 1688 qui
234 1646 300 1677 aut
321 1647 478 1690 propter
500 1648 649 1678 metum
672 1653 835 1689 poenae,
855 1648 1107 1689 peccatorum
1129 1653 1289 1678 suorum
1310 1640 1470 1685 conscii,

143 1717 266 1742 novos
287 1712 417 1742 motus
440 1704 799 1754 conversionesque
820 1704 872 1742 rei
895 1704 1076 1754 publicae
1098 1712 1299 1754 quaerant,
1319 1712 1385 1742 aut
1406 1705 1472 1754 qui

143 1776 300 1818 propter
315 1768 475 1807 insitum
492 1770 692 1819 quendam
713 1769 835 1807 animi
856 1770 1025 1807 furorem
1042 1769 1248 1807 discordiis
1264 1769 1406 1806 civium
1428 1783 1473 1807 ac

84 1848 122 1880 25
144 1833 338 1872 seditione
364 1843 583 1884 pascantur,
605 1843 671 1873 aut
694 1835 761 1884 qui
782 1843 940 1884 propter
961 1834 1268 1883 implicationem
1294 1834 1347 1872 rei
1368 1836 1473 1871 fami-

144 1898 244 1936 liaris
269 1901 470 1937 communi
499 1899 685 1938 incendio
707 1901 844 1937 malint
866 1913 983 1949 quam
1014 1913 1084 1937 suo
1111 1900 1333 1948 deflagrare.
1393 1898 1472 1946 Qui

143 1977 233 2001 cum
263 1971 410 2002 tutores
440 1971 530 2002 sunt
560 1972 597 2003 et
628 1966 750 2003 duces
781 1978 941 2002 suorum
971 1965 1189 2002 studiorum
1210 1962 1472 2012 vitiorumque

142 2027 256 2074 nacti,
276 2027 314 2065 in
332 2042 371 2066 re
388 2029 545 2079 publica
562 2030 702 2068 fluctus
717 2030 944 2075 excitantur,
965 2038 1005 2067 ut
1022 2028 1262 2078 vigilandum
1280 2027 1327 2065 sit
1344 2027 1388 2064 iis
1404 2027 1471 2076 qui

142 2092 215 2130 sibi
235 2093 500 2142 gubernacula
522 2096 667 2143 patriae
684 2095 1014 2144 depoposcerunt,
1035 2094 1347 2141 enitendumque
1363 2091 1469 2130 omni

84 2173 124 2204 30
142 2157 304 2196 scientia
323 2171 368 2196 ac
390 2159 589 2208 diligentia
612 2168 663 2206 ut,
689 2159 927 2197 conservatis
955 2159 999 2196 iis
1021 2172 1121 2208 quae
1149 2172 1222 2208 ego
1243 2159 1360 2208 paulo
1381 2165 1470 2194 ante

186 2270 206 2290 2
230 2261 446 2300 opinionibus
460 2261 591 2293 Halm:
619 2263 731 2302 opinis
746 2262 828 2293 PG:
848 2262 969 2301 opimis
984 2261 1060 2292 BE:
1086 2262 1236 2300 opinioni
1252 2261 1330 2291 Hk:
1352 2261 1471 2299 opibus

143 2303 231 2333 Koch
350 2306 371 2334 6
395 2305 551 2342 derigere
568 2305 621 2336 P:
646 2307 793 2344 dirigere
811 2306 842 2335 B
858 2305 922 2336 rell.
1052 2315 1085 2334 11
1114 2305 1232 2334 ecferri
1250 2304 1326 2334 1³¹6
1347 2304 1471 2339 «efferri

141 2347 214 2385 Hk)
232 2358 238 2377 :
260 2352 294 2377 et
315 2347 391 2377 ferri
409 2347 512 2378 1³²3}
623 2360 689 2378 non
708 2359 772 2378 om.
794 2348 929 2378 PBGH
1067 2359 1106 2387 27
1133 2355 1262 2378 tutores
1279 2347 1386 2378 codd:
1415 2358 1471 2377 au-

142 2396 253 2420 ctores
271 2391 461 2429 Naugerius
480 2394 527 2431 (2)
632 2394 672 2422 28
699 2393 809 2422 nancti
829 2391 936 2422 IIalm
957 2393 987 2431 (ξ
1011 2394 1059 2421 ιρἺ
1161 2392 1309 2421 excitant
1330 2390 1470 2420 Abi-escle
