1774 2782
304 148 378 184 DE
410 145 737 186 PROVINCIIS
767 146 1192 185 CONSVLARIBVS
1223 145 1439 183 ORATIO
1495 153 1537 181 12
1557 160 1596 192 ²9

209 257 362 306 longius
390 255 553 293 inveniri
583 257 744 305 potest?
801 256 865 292 An
893 255 1040 293 reditus
1068 254 1108 291 in
1136 254 1298 304 patriam
1329 255 1448 293 habet
1473 254 1537 293 ali-

209 335 326 371 quam
350 320 640 359 offensionem?
669 328 797 358 utrum
821 321 927 370 apud
956 321 1145 370 populum
1168 333 1190 358 a
1211 333 1291 370 quo
1312 321 1462 367 missua
1485 334 1535 358 an

208 387 314 436 apud
344 393 523 424 senatum
545 399 567 423 a
592 399 672 435 quo
699 393 859 423 ornatus
880 388 970 424 est?
1027 387 1091 423 An
1117 384 1200 423 dies
1227 393 1341 435 auget
1369 385 1452 424 eius
1473 386 1537 423 de-

208 451 406 497 siderium,
431 465 481 488 an
512 450 634 501 magis
664 450 915 497 oblivionem,
942 464 989 488 ac
1012 452 1143 489 laurea
1170 450 1234 489 illa
1263 450 1413 501 magnis
1442 450 1537 500 peri-

173 527 190 558 5
209 516 305 554 culis
336 524 444 566 parta
470 515 613 554 amittit
641 517 759 565 longo
784 515 987 554 intervallo
1008 515 1273 555 viriditatem?
1321 517 1411 564 Qua
1431 529 1482 562 re,
1505 516 1535 553 si

208 581 275 631 qui
310 580 513 619 hominem
549 595 628 619 non
663 581 840 631 diligunt,
878 580 974 619 nihil
1009 588 1067 619 est
1101 583 1210 631 quod
1244 594 1334 620 eum
1369 582 1419 619 de
1452 594 1536 631 pro-

209 645 337 684 vincia
364 647 582 685 devocent:
616 647 666 684 ad
695 645 857 696 gloriam
888 647 1094 692 devocant,
1123 647 1174 684 ad
1204 646 1457 695 triumphum,
1484 646 1536 684 ad

208 711 519 761 gratulationem,
546 712 596 749 ad
621 725 819 749 summum
852 712 1042 749 honorem
1073 718 1240 758 senatus,
1266 711 1454 761 equestris
1478 724 1535 749 or-

209 775 310 813 dinis
330 775 507 824 gratiam,
527 775 661 825 populi
690 776 904 813 caritatem.
963 776 1041 813 Sed
1062 776 1092 812 si
1115 774 1177 813 ille
1198 776 1270 812 hac
1291 782 1370 813 tam
1395 773 1536 813 eximia
1557 785 1598 815 30

151 850 189 873 10
210 841 364 878 fortuna
393 847 550 889 propter
584 839 790 876 utilitatem
825 839 877 876 rei
909 839 1090 889 publicae
1120 839 1192 876 frui
1226 853 1306 877 non
1342 847 1533 889 properat,

209 912 251 942 ut
285 903 418 942 omnia
459 905 523 941 illa
557 903 753 950 conficiat,
785 902 882 952 quid
917 916 990 953 ego
1031 910 1187 941 senator
1228 905 1354 942 facere
1393 905 1533 951 debeo,

209 982 339 1018 quem,
363 968 479 1007 etiam
501 968 530 1007 si
553 968 616 1006 ille
636 968 743 1007 aliud
765 969 892 1015 vellet,
915 968 968 1006 rei
994 968 1175 1019 publicae
1199 970 1404 1007 consulere
1424 983 1536 1019 opor-

208 1036 334 1072 teret?

264 1100 350 1149 Ego
371 1112 461 1137 vero
482 1098 536 1136 sic
557 1098 752 1148 intellego,
777 1106 905 1149 patres
926 1098 1147 1149 conscripti,
1168 1112 1239 1138 nos
1261 1100 1337 1137 hoc
1357 1106 1534 1149 tempore

153 1177 187 1206 ¹5
209 1163 247 1202 in
277 1163 486 1214 provinciis
515 1164 775 1202 decernendis
805 1172 1017 1214 perpetuae
1046 1166 1151 1214 pacis
1182 1165 1326 1203 habere
1355 1172 1535 1214 oportere

210 1231 412 1268 rationem.
471 1230 573 1267 Nam
596 1229 682 1279 quis
704 1231 780 1267 hoc
805 1243 885 1268 non
910 1229 1039 1276 sentit,
1062 1229 1196 1268 omnia
1219 1229 1293 1267 alia
1314 1242 1399 1268 esse
1420 1229 1534 1268 nobis

209 1308 331 1333 vacua
351 1295 401 1333 ab
422 1294 529 1333 omni
551 1294 724 1344 periculo
748 1302 867 1344 atque
888 1294 1005 1333 etiam
1027 1294 1250 1344 suspicione
1270 1295 1391 1333 belli?
1448 1296 1533 1333 Iam
1557 1309 1592 1339 31

209 1361 276 1399 diu
298 1373 403 1398 mare
423 1359 602 1398 videmus
624 1359 719 1398 illud
741 1359 992 1406 immensum,
1007 1359 1117 1397 cuius
1135 1361 1283 1398 fervore
1304 1373 1383 1397 non
1406 1360 1533 1397 solum

209 1424 390 1463 maritimi
412 1438 546 1462 cursus
569 1425 638 1463 sed
659 1424 776 1463 urbes
804 1426 921 1462 etiam
944 1432 982 1463 et
1006 1424 1091 1463 viae
1119 1425 1303 1463 militares
1332 1424 1407 1462 iam
1429 1432 1533 1463 tene-

147 1504 187 1526 20
207 1490 359 1538 bantur,
382 1489 522 1528 virtute
544 1491 616 1528 Cn.
640 1489 805 1539 Pompei
822 1489 876 1527 sic
897 1503 919 1527 a
934 1491 1081 1539 populo
1100 1492 1283 1528 Romano
1302 1490 1352 1528 ab
1371 1491 1533 1528 Oceano

207 1567 331 1605 usque
351 1555 401 1592 ad
423 1553 603 1592 ultimum
626 1555 797 1591 Pontum
817 1561 1017 1604 tamquam
1040 1567 1161 1592 unum
1183 1554 1352 1604 aliquem
1375 1562 1531 1604 portum

206 1627 332 1658 tutum
356 1626 393 1657 et
414 1621 590 1657 clausum
618 1618 766 1666 teneri3
796 1619 975 1657 nationes
1001 1633 1076 1666 eas,
1100 1632 1201 1669 quae
1226 1632 1389 1657 numero
1411 1619 1532 1658 homi-

206 1699 300 1723 num
322 1698 367 1722 ac
393 1684 644 1723 multitudine
670 1684 753 1734 ipsa
780 1692 961 1734 poterant
989 1684 1027 1722 in
1056 1684 1273 1734 provincias
1302 1691 1452 1723 nostras
1479 1698 1532 1724 re-

205 1751 394 1797 dundare,
418 1749 470 1787 ita
490 1749 540 1788 ab
562 1750 703 1788 eodem
726 1763 811 1789 esse
832 1749 970 1799 partim
993 1749 1145 1796 recisas,
1165 1749 1302 1799 partim
1325 1763 1528 1799 repressas,

148 1831 183 1862 ²5
206 1822 247 1852 ut
277 1814 381 1861 Asia,
414 1827 515 1864 quae
545 1815 752 1864 imperium
783 1822 899 1852 antea
933 1822 1109 1852 nostrum
1146 1814 1390 1860 terminabat,
1424 1829 1530 1853 nunc

205 1879 327 1918 tribus
360 1878 471 1917 novis
503 1878 712 1929 provinciis
747 1878 831 1928 ipsa
870 1879 1056 1928 cingatur.
1128 1881 1294 1917 Possum
1333 1880 1382 1918 de
1421 1879 1528 1917 omni

204 1945 373 1993 regione,
390 1945 440 1981 de
456 1943 563 1981 omni
580 1956 723 1992 genere
741 1944 912 1981 hostium
931 1943 1060 1982 dicere
1077 1958 1083 1980 :
1115 1944 1220 1980 nulla
1235 1956 1330 1992 gens
1351 1951 1408 1982 est
1429 1958 1529 1994 quae

204 2022 284 2047 non
305 2016 371 2046 aut
393 2008 445 2046 ita
466 2009 620 2046 sublata
641 2008 689 2045 sit
716 2016 757 2046 ut
787 2008 848 2045 vix
869 2016 1005 2054 exstet,
1027 2016 1093 2046 aut
1122 2008 1173 2046 ita
1194 2008 1343 2046 domita
1364 2016 1405 2046 ut
1425 2009 1529 2058 quie-

192 2081 295 2125 scat,
319 2080 386 2111 aut
416 2073 468 2111 ita
493 2080 629 2123 pacata
655 2080 696 2111 ut
726 2074 887 2111 victoria
918 2082 1048 2111 nostra
1080 2072 1322 2122 imperioque
1353 2074 1526 2112 laetetur.

144 2155 185 2186 30
206 2140 357 2177 Bellum
386 2140 594 2184 Gallicum,
622 2145 749 2188 patres
774 2138 996 2188 conscripti,
1025 2140 1068 2177 C.
1098 2138 1266 2177 Caesare
1296 2138 1527 2188 imperatore
1547 2121 1590 2157 13

202 2212 353 2254 gestum
390 2211 459 2250 est,
492 2211 608 2242 antea
642 2210 795 2241 tantum
830 2205 950 2242 modo
981 2205 1189 2254 repulsum.
1250 2204 1412 2253 Semper
1445 2204 1526 2242 illas
1547 2180 1585 2209 3³

248 2317 260 2336 1
288 2306 435 2348 longius]
463 2306 680 2346 longinquius
709 2306 838 2337 Tt'sclzer
981 2318 1000 2337 2
1029 2307 1152 2337 missus
1176 2312 1226 2337 est
1251 2306 1306 2336 Hb
1324 2306 1420 2337 Ilm-l.
1442 2307 1523 2337 2681

202 2362 221 2390 4
260 2361 303 2381 an
335 2350 457 2392 magis]
491 2362 529 2382 ac
561 2361 626 2380 non
659 2351 766 2389 magis
797 2348 902 2389 Sorof
1064 2361 1101 2390 19
1134 2350 1345 2381 terrebantur
1381 2349 1529 2380 cht'dncr

203 2405 243 2434 27
269 2395 409 2434 regione
426 2396 467 2425 de
483 2395 573 2425 omni
590 2405 616 2426 s,
632 2394 652 2426 l.
669 2394 774 2434 suppl.
793 2394 836 2424 102
