1774 2782
210 531 227 562 5

190 854 228 875 10

188 1501 227 1522 20

428 147 538 185 PRO
571 148 613 184 L.
646 147 938 186 CORNELIO
970 148 1152 185 BALBO
1183 148 1397 186 ORATIO
1546 157 1571 193 4

251 255 389 304 Iusque
411 255 617 293 Romanus
644 255 908 305 amplissimae
932 255 1131 305 dignitatis
1160 256 1329 305 praemia
1355 256 1464 295 dedit
1493 270 1573 294 non

250 321 474 369 postulanti,
511 321 673 371 imperia
707 336 797 360 vero
832 322 948 360 etiam
985 322 1193 369 recusanti,
1226 322 1338 360 huius
1373 324 1423 361 de
1457 323 1572 368 sacto,

250 384 409 431 iudices,
442 385 494 424 ita
526 387 659 436 quaeri
692 396 734 425 ut
766 388 805 425 id
834 396 979 437 agatur,
1012 387 1213 426 licueritne
1245 387 1279 426 ei
1311 389 1434 426 facere
1465 388 1572 436 quod

249 450 349 497 fecit,
382 464 432 488 an
463 464 556 488 vero
588 464 668 489 non
701 451 830 489 dicam
864 465 943 489 non
977 451 1136 498 licuerit,
1169 453 1237 490 sed
1268 453 1374 490 nefas
1406 451 1571 489 fuerit—

249 523 383 552 contra
404 516 544 553 foedus
565 515 682 562 enim,
702 515 741 554 id
762 524 819 554 est
840 525 975 554 contra
998 516 1130 565 populi
1155 516 1323 554 Romani
1346 516 1570 566 religionem

248 587 285 616 et
325 580 444 617 fidem
483 579 621 618 fecisse
661 580 940 619 dicitur—non
976 590 1088 630 turpe
1127 582 1179 618 rei
1215 580 1405 630 publicae,
1441 594 1572 619 nonne

1597 163 1634 184 10

248 645 388 683 vobis?
444 645 589 683 Audivi
612 647 686 684 hoc
707 648 757 685 de
779 655 939 696 parente
962 660 1050 684 meo
1072 660 1178 696 puer,
1201 661 1290 685 cum
1313 649 1361 695 Q.
1386 647 1571 684 Metellus
1594 623 1630 704 151

249 710 345 746 Luci
362 709 461 748 filius
475 723 633 748 causam
651 712 700 749 de
718 711 893 761 pecuniis
910 711 1137 761 repetundis
1151 711 1308 759 diceret,
1328 713 1400 757 ille,
1425 711 1487 748 ille
1505 712 1570 756 vir,

247 773 310 811 cui
331 775 477 823 patriae
502 776 604 812 salus
629 775 782 813 dulcior
808 790 927 825 quam
953 783 1188 825 conspectus
1210 776 1292 822 fuit,
1315 777 1381 825 qui
1407 776 1456 814 de
1485 774 1572 812 civi-

247 844 325 875 tate
347 838 539 877 decedere
559 852 678 888 quam
701 841 751 878 de
772 841 966 878 sententia
988 841 1254 878 maluit—*hoc
1276 841 1388 889 igitur
1413 853 1570 878 causam

247 903 414 950 dicente,
460 916 551 941 curn
594 903 714 953 ipsius
758 905 914 943 tabulae
959 906 1296 943 circumferrentur
1339 905 1571 954 inspiciendi

247 967 417 1006 nominis
449 981 577 1016 causa,
612 968 730 1007 fuisse
762 970 932 1007 iudicem
965 984 1010 1008 ex
1043 970 1115 1008 illis
1147 969 1344 1020 equitibus
1381 969 1571 1007 Romanis

246 1032 480 1082 gravissimis
498 1033 586 1071 viris
608 1035 807 1071 neminem
830 1034 924 1083 quin
943 1042 1157 1072 removeret
1178 1036 1313 1072 oculos
1329 1039 1366 1071 el
1382 1047 1423 1072 se
1443 1041 1570 1071 totum

246 1104 445 1144 averteret,
469 1111 519 1136 ne
547 1099 655 1144 forte,
680 1099 788 1147 quod
817 1100 879 1137 ille
908 1099 945 1136 in
971 1100 1123 1137 tabulas
1150 1099 1326 1148 publicas
1348 1100 1568 1146 rettulisset,

246 1161 448 1199 dubitasse
467 1162 677 1212 quisquam
694 1176 882 1201 verumne
902 1177 951 1201 an
975 1165 1112 1202 falsum
1134 1172 1235 1202 esset
1251 1165 1444 1202 videretur
1461 1179 1467 1201 :
1500 1177 1571 1201 nos

247 1226 321 1265 Cn.
354 1228 519 1276 Pompei
554 1228 768 1274 decretum,
805 1228 964 1276 iudices,
1003 1230 1053 1268 de
1086 1230 1223 1266 consili
1260 1228 1453 1267 sententia
1488 1242 1571 1278 pro-

246 1292 470 1330 nuntiatum
502 1304 841 1342 recognoscemus,
876 1306 966 1330 cum
1002 1293 1152 1342 legibus
1187 1294 1445 1340 conferemus,
1479 1306 1569 1331 cum

246 1355 480 1402 foederibus,
527 1356 660 1394 omnia
707 1357 958 1395 acerbissima
1006 1357 1206 1407 diligentia
1253 1359 1571 1407 perpendemus?

246 1419 412 1458 Athenis
432 1422 551 1467 aiunt,
575 1434 666 1458 cum
689 1422 850 1470 quidam
871 1422 978 1471 apud
999 1435 1066 1460 eos
1087 1423 1153 1471 qui
1175 1429 1308 1460 sancte
1327 1421 1570 1471 graviterque

246 1485 402 1523 vixisset
423 1485 691 1523 testimonium
714 1486 872 1535 publice
899 1486 1058 1524 dixisset
1085 1494 1132 1533 et,
1157 1494 1198 1524 ut
1223 1499 1308 1525 mos
1330 1487 1569 1525 Graecorum

247 1557 315 1597 est,
339 1549 490 1588 iurandi
512 1563 629 1588 causa
649 1551 699 1588 ad
715 1564 799 1588 aras
820 1552 1034 1598 accederet,
1058 1564 1135 1589 una
1155 1564 1251 1590 voce
1271 1551 1399 1589 omnis
1421 1551 1569 1589 iudices

248 1627 296 1652 ne
319 1615 347 1652 is
369 1614 510 1653 iuraret
531 1616 772 1654 reclamasse.
838 1616 934 1653 Tum
955 1616 1095 1654 Graeci
1117 1617 1297 1655 homines
1318 1617 1479 1666 spectati
1502 1616 1569 1654 viri

247 1680 456 1718 noluerunt
486 1679 672 1729 religione
700 1681 820 1719 videri
848 1682 978 1730 potius
1006 1694 1123 1730 quam
1150 1680 1310 1719 veritate
1336 1681 1457 1719 fidem
1485 1694 1569 1719 esse

245 1744 520 1783 constrictam:
552 1758 624 1783 nos
654 1746 771 1784 etiam
802 1745 841 1783 in
872 1747 953 1795 ipsa
985 1746 1169 1795 religione
1200 1753 1237 1784 et
1267 1747 1395 1795 legum
1425 1754 1462 1784 et
1493 1747 1570 1784 foe-

245 1811 383 1848 derum
397 1811 667 1849 conservanda
684 1812 809 1860 qualis
827 1812 939 1849 fuerit
954 1812 1026 1850 Cn.
1044 1811 1255 1861 Pompeius
1272 1811 1570 1849 dubitabimus?

245 1875 386 1913 Vtrum
421 1874 526 1913 enim
563 1876 795 1913 inscientem
831 1877 946 1913 vultis
985 1883 1120 1914 contra
1158 1877 1315 1914 foedera
1348 1877 1486 1914 secisse
1519 1890 1568 1913 an

294 1988 306 2008 1
344 1976 549 2016 amplissima
576 1977 669 2008 Paul
800 1989 818 2008 2
853 1989 933 2008 vero
967 1978 1096 2008 Manat.
1115 1990 1121 2008 :
1153 1988 1268 2008 verum
1297 1976 1385 2008 codd.
1414 1977 1479 2017 (1'.e.
1504 1988 1570 2007 uon

243 2021 428 2061 postulanti
440 2021 588 2061 imperia,
609 2032 725 2052 verum
742 2022 839 2052 eliam
858 2023 931 2061 rec.)
1030 2023 1051 2052 6
1077 2022 1124 2051 rei
1143 2021 1294 2060 publicae
1311 2020 1398 2052 codd.
1416 2031 1425 2052 :
1447 2022 1571 2061 populo

247 2066 402 2095 Romano
417 2064 484 2095 edd.
579 2075 645 2095 non
663 2065 759 2095 nobis
780 2064 903 2102 Garat„
921 2064 1044 2104 Muell„
1066 2065 1197 2104 improb.
1217 2063 1368 2095 Ziclt'nsk.
1475 2066 1495 2094 8
1520 2074 1570 2094 re—

245 2107 400 2148 petendis
412 2107 474 2138 Bw
545 2107 682 2146 ille.i11e
693 2108 866 2139 PBHbG:
891 2109 945 2138 ille
961 2108 1021 2139 GE
1103 2108 1153 2138 vir
1172 2118 1196 2138 s.
1209 2108 1229 2138 l.
1245 2107 1290 2137 1³²
1374 2117 1411 2147 13
1435 2107 1515 2147 quin
1530 2107 1571 2139 b:

246 2152 300 2190 qui
320 2151 382 2182 rell.
430 2156 463 2181 et
477 2162 541 2181 om.
562 2151 650 2182 codd.
671 2152 746 2191 (sed
759 2153 788 2190 k,
806 2162 911 2193 seque
922 2152 955 2182 bt
1058 2154 1096 2182 16
1114 2153 1238 2182 iudices
1255 2152 1386 2191 scripsi:
1411 2151 1570 2181 iudicium

245 2194 341 2228 codd..
355 2193 413 2225 del.
425 2194 495 2226 edd.
592 2196 630 2225 18
648 2196 890 2235 perpendimus
905 2195 984 2226 GE:
1010 2196 1238 2235 pertendimus
1249 2195 1311 2226 1212
1331 2195 1570 2233 pertendemus

243 2237 409 2268 fflBHb‘a‘
506 2248 546 2269 22
570 2239 656 2269 Tum
671 2239 798 2279 scripsi:
820 2250 894 2270 cum
912 2239 1000 2270 codd.
1019 2252 1025 2270 :
1049 2239 1106 2269 dcl.
1120 2240 1207 2270 Bait.
1220 2239 1272 2270 all.
1294 2243 1377 2269 'cum
1397 2261 1402 2267 .
1423 2263 1429 2269 .
1449 2263 1455 2268 .
1474 2237 1568 2268 nolu-

245 2282 332 2312 erint
343 2281 533 2322 Naugerius
550 2283 617 2323 (1)
635 2295 642 2314 ε
668 2282 778 2321 Quid?
793 2309 799 2315 .
815 2309 821 2314 .
838 2307 843 2313 .
863 2283 1044 2313 noluerunt
1061 2282 1226 2313 [Vt-nlmr:
1249 2283 1302 2312 An
1319 2308 1324 2314 .
1341 2306 1348 2313 .
1365 2305 1371 2312 .
1388 2281 1566 2311 noluerunt

243 2324 335 2354 Paul
429 2336 469 2364 24
495 2328 708 2357 constrictam
727 2337 750 2357 s,
765 2327 784 2358 l.
803 2326 868 2357 P22
892 2327 1037 2357 vinctam
1055 2327 1132 2357 mni.
1150 2326 1257 2357 Halm
1357 2326 1398 2355 26
1424 2325 1565 2355 inscien-

244 2373 309 2399 tem
327 2368 372 2398 P‘-'
389 2374 418 2399 et
428 2369 507 2410 pler.
525 2383 530 2400 :
554 2370 727 2400 sicientem
745 2370 787 2401 P¹
807 2381 812 2400 :
838 2371 999 2400 scientem
1021 2369 1082 2399 GE

1593 1439 1630 1462 12

1595 1892 1631 1922 13
