1774 2782
268 110 320 136 20
343 115 380 145 52
709 101 763 136 M.
797 99 964 135 TVLLI
998 96 1304 135 CICERONIS

341 207 462 247 factus
483 217 594 256 esset,
613 208 851 258 provinciam
875 207 1022 256 Syriam
1044 204 1494 255 obtineret,—quoniam
1516 206 1566 242 de
1588 218 1667 243 uno

278 287 318 317 53
340 274 499 311 homine
538 273 732 318 scriberet,
770 286 848 309 una
887 285 945 309 res
980 273 1110 308 esset?
1170 271 1291 318 Quod
1322 269 1351 307 si
1388 271 1463 306 iam
1499 270 1666 318 populus

265 965 309 992 21

271 1026 309 1056 54

265 1848 304 1880 55

340 340 543 375 Romanus
564 338 613 374 de
636 336 706 373 ista
728 350 767 373 re
787 337 990 373 consultus
1011 343 1112 373 esset
1134 342 1171 372 et
1193 348 1271 372 non
1293 333 1427 372 omnia
1447 347 1514 383 per
1535 346 1666 370 servos

336 403 583 450 latronesque
599 400 793 450 gessisses,
815 414 947 438 nonne
965 401 1045 437 fieri
1063 407 1214 449 poterat
1231 407 1272 437 ut
1288 400 1436 448 populo
1453 399 1503 436 de
1519 397 1665 447 Cyprio

335 479 422 514 rege
443 468 621 515 placeret,
644 466 694 503 de
716 465 913 503 exsulibus
937 463 1131 513 Byzantiis
1153 463 1404 512 displiceret?
1458 462 1571 509 Quae
1592 469 1660 508 est,
1684 474 1701 505 5

334 543 491 580 quaeso,
514 530 588 567 alia
608 531 676 575 vis,
699 542 800 578 quae
822 528 1015 566 sententia
1037 527 1230 566 Caeciliae
1251 527 1344 576 legis
1365 535 1403 564 et
1426 525 1568 564 Didiae
1589 526 1662 563 nisi

333 597 441 641 haec,
465 608 513 632 ne
535 596 680 644 populo
702 607 861 631 necesse
883 593 929 630 sit
952 593 989 629 in
1012 592 1231 630 coniunctis
1257 592 1372 629 rebus
1394 590 1662 640 compluribus

331 668 397 699 aut
418 660 458 698 id
480 660 586 708 quod
608 659 704 696 nolit
725 658 901 707 accipere
921 665 987 695 aut
1009 657 1048 695 id
1069 658 1177 706 quod
1199 656 1290 694 velit
1311 656 1545 706 repudiare?

387 724 525 774 Quid?
556 723 585 761 si
608 737 674 773 per
695 723 771 760 vim
798 722 928 769 tulisti,
954 730 1137 760 tamenne
1159 723 1219 759 lex
1245 723 1331 760 est?
1359 729 1426 759 aut
1448 720 1659 770 quicquam

331 790 412 828 iure
432 798 583 840 gestum
602 788 721 826 videri
745 795 872 838 potest
894 788 1002 836 quod
1025 800 1093 836 per
1109 786 1187 824 vim
1208 794 1361 835 gestum
1383 799 1467 824 esse
1483 787 1660 824 constet?
1683 800 1720 821 10

331 859 405 903 An,
436 855 465 893 si
500 855 539 892 in
570 854 652 903 ipsa
680 854 826 892 latione
849 861 915 891 tua
946 861 1061 902 capta
1087 852 1163 890 iam
1198 852 1292 890 urbe
1324 852 1472 902 lapides
1502 851 1602 898 iacti,
1630 851 1660 889 si

332 934 470 959 manus
504 921 659 958 conlata
690 933 770 957 non
805 927 873 964 est,
908 918 1053 956 idcirco
1086 926 1126 955 tu
1158 919 1208 956 ad
1238 917 1342 955 illam
1378 918 1507 955 labem
1541 926 1659 966 atque

330 985 495 1024 eluviem
518 984 682 1022 civitatis
704 984 786 1021 sine
808 997 962 1021 summa
983 985 1017 1021 vi
1040 985 1240 1033 pervenire
1262 982 1450 1032 potuisti?
1494 983 1595 1020 Cum
1619 983 1657 1019 in

330 1050 514 1088 tribunali
542 1049 702 1087 Aurelio
723 1048 1001 1087 conscribebas
1028 1050 1156 1098 palam
1180 1062 1259 1086 non
1280 1049 1400 1086 modo
1424 1047 1566 1085 liberos
1587 1048 1656 1084 sed

329 1116 444 1153 etiam
467 1128 608 1161 servos,
632 1128 677 1152 ex
699 1114 883 1152 omnibus
905 1113 1000 1151 vicis
1021 1113 1251 1159 concitatos,
1274 1112 1351 1150 vim
1373 1120 1455 1149 tum
1477 1111 1657 1149 videlicet
1680 1127 1716 1159 15

329 1194 408 1218 non
448 1180 637 1230 parabas,-
679 1193 769 1217 cum
808 1179 946 1217 edictis
986 1178 1061 1216 tuis
1096 1179 1276 1216 tabernas
1311 1177 1441 1215 claudi
1480 1177 1653 1223 iubebas,

328 1260 407 1284 non
435 1247 514 1284 vim
537 1246 739 1295 imperitae
764 1245 1036 1291 multitudinis,
1067 1245 1137 1282 sed
1163 1243 1370 1281 hominum
1401 1243 1655 1280 honestorum

328 1311 562 1349 modestiam
591 1310 919 1360 prudentiamque
944 1309 1185 1359 quaerebas3
1213 1322 1304 1345 cum
1328 1321 1434 1345 arma
1455 1308 1493 1344 in
1513 1307 1654 1344 aedem

328 1376 501 1414 Castoris
529 1376 813 1425 comportabas,
845 1375 939 1412 nihil
970 1375 1077 1413 aliud
1105 1375 1176 1412 nisi
1206 1373 1258 1411 uti
1290 1386 1340 1411 ne
1365 1372 1461 1422 quid
1486 1386 1553 1421 per
1577 1371 1654 1410 vim

327 1441 384 1490 agi
426 1448 558 1490 posset
594 1440 894 1487 machinabare3
932 1454 1022 1478 cum
1056 1453 1146 1477 vero
1185 1440 1326 1489 gradus
1361 1437 1532 1476 Castoris
1563 1451 1654 1475 con·
1675 1453 1714 1474 20

327 1505 463 1543 vellisti
499 1519 544 1543 ac
584 1505 790 1551 removisti,
830 1514 924 1552 tum,
961 1514 1002 1543 ut
1037 1506 1216 1542 modeste
1252 1504 1321 1541 tibi
1355 1517 1468 1553 agere
1505 1502 1650 1549 liceret,

325 1572 504 1609 homines
531 1571 690 1609 audacis
715 1572 766 1608 ab
794 1573 875 1609 eius
902 1571 1036 1621 templi
1058 1570 1167 1608 aditu
1188 1578 1307 1619 atque
1330 1582 1495 1607 ascensu
1516 1582 1653 1618 reppu-

326 1636 425 1682 listi;
454 1649 543 1673 cum
569 1649 636 1673 eos
662 1636 728 1685 qui
751 1637 791 1673 in
816 1644 1013 1674 conventu
1043 1637 1212 1673 virorum
1241 1635 1436 1672 bonorum
1458 1633 1576 1670 verba
1602 1633 1653 1670 de

325 1702 448 1738 salute
470 1714 555 1738 mea
576 1702 746 1738 fecerant
768 1703 906 1739 adesse
931 1701 1088 1747 iussisti,
1113 1713 1329 1749 eorumque
1349 1697 1649 1736 advocationem

325 1765 504 1803 manibus
530 1767 628 1803 ferro
656 1766 851 1815 lapidibus
882 1765 1109 1813 discussisti,
1133 1774 1215 1803 tum
1245 1765 1420 1814 profecto
1445 1763 1650 1800 ostendisti
1671 1776 1710 1807 25

325 1830 400 1866 vim
423 1830 490 1866 tibi
514 1830 680 1867 maxime
702 1831 917 1880 displicere.
966 1833 1113 1868 Verum
1136 1831 1233 1868 haec
1254 1829 1398 1866 furiosa
1416 1829 1473 1865 vis
1493 1826 1650 1864 vaesani

325 1894 466 1931 tribuni
489 1895 612 1944 plebis
639 1895 749 1933 facile
773 1895 942 1945 superari
970 1895 1171 1944 frangique
1194 1894 1319 1944 potuit
1339 1893 1508 1930 virorum
1530 1891 1652 1929 bono-

324 1972 406 1995 rum
428 1961 486 1996 vel
509 1960 647 1997 virtute
669 1962 727 1997 vel
751 1960 1011 1998 multitudine.
1073 1961 1210 2008 Quid?
1239 1972 1330 1996 cum
1352 1956 1523 1995 Gabinio
1544 1955 1652 2005 Syria

323 2024 498 2069 dabatur,
525 2025 762 2062 Macedonia
789 2025 933 2071 Pisoni,
955 2025 1108 2074 utrique
1136 2024 1333 2061 infinitum
1354 2021 1572 2071 imperium,
1595 2020 1649 2057 in-

323 2102 417 2136 gens
438 2089 614 2137 pecunia,
640 2098 681 2126 ut
702 2089 772 2126 tibi
793 2089 925 2126 omnia
950 2089 1227 2138 permitterent,
1251 2095 1289 2126 te
1313 2087 1553 2132 adiuvarent,
1577 2084 1646 2123 tibi
1668 2098 1711 2128 30

325 2166 500 2199 manum,
513 2153 655 2202 copias,
666 2154 734 2190 tibi
749 2167 840 2190 suos
855 2162 1050 2203 spectatos
1065 2153 1324 2198 centurione5‚
1341 2151 1411 2189 tibi
1426 2149 1645 2200 pecuniam,

369 2258 389 2285 6
413 2266 537 2294 quaeso
556 2267 622 2295 mg.
644 2254 765 2287 Lamb,
781 2266 786 2286 τ
813 2256 906 2294 quasi
925 2255 1012 2287 codd.
1029 2261 1157 2296 pmeler
1173 2259 1184 2285 l
1201 2255 1322 2293 (enim)
1444 2264 1498 2292 v13
1525 2252 1647 2282 eluiem

324 2300 366 2329 P1
385 2311 391 2329 ι
416 2299 502 2328 luem
524 2298 661 2338 Georges
790 2301 828 2329 16
851 2300 946 2338 szgrna
966 2299 1116 2339 interrog.
1130 2303 1205 2339 post
1220 2299 1362 2338 parabas
1379 2301 1407 2328 et
1422 2297 1548 2335 reliqua
1565 2299 1647 2327 auct.

331 2342 423 2381 [Vols.
444 2341 500 2372 del.
520 2341 631 2373 Muell.
736 2353 777 2381 23
800 2343 833 2372 in
852 2342 927 2373 add.
947 2342 1104 2374 Momms.
1196 2352 1231 2380 31
1260 2346 1429 2380 spectatos
1447 2343 1530 2370 auct.
1545 2339 1645 2377 Koch,

327 2385 440 2416 Muell.
461 2395 466 2414 z
493 2392 646 2424 speratos
663 2385 751 2416 codd.
767 2390 895 2426 praeter
908 2386 985 2416 ku
1003 2386 1168 2425 (paratos)
1187 2397 1193 2415 :
1219 2385 1369 2424 perditos
1390 2383 1572 2422 Lahmeyer
