1774 2782
123 532 140 562 5

101 857 140 879 10

102 1181 139 1212 15

99 1505 139 1527 20

498 149 605 186 PRO
638 150 678 186 P.
711 148 902 185 SESTIO
934 147 1150 185 ORATIO
1433 155 1487 192 50

163 259 448 296 conductorum
470 258 690 304 removeris,
714 270 852 295 omnes
879 257 983 294 idern
1012 257 1061 294 de
1088 268 1127 293 re
1156 254 1312 305 publica
1339 255 1488 293 sensuri

163 336 247 360 esse
264 322 477 360 videantur.
525 322 682 360 Etenim
706 322 828 359 tribus
850 321 944 360 locis
965 320 1169 371 significari
1193 320 1359 358 maxime
1379 321 1429 358 de
1449 334 1489 356 re

153 388 307 435 pzcblt'ca
324 387 458 436 populi
476 388 648 425 Romani
667 386 855 424 iudicium
871 400 917 424 ac
932 388 1112 423 voluntas
1133 393 1270 435 potest,
1289 385 1485 431 contione,

163 451 344 494 comitiis,
371 453 553 490 ludorum
583 452 923 501 gladiatorumque
953 465 1151 489 consessu.
1210 453 1323 500 Quae
1354 452 1487 489 contio

162 515 232 553 fuit
261 529 329 565 per
358 517 429 553 hos
458 530 595 562 annos,
628 530 729 566 quae
759 516 920 565 quidem
951 523 1051 554 esset
1082 529 1161 553 non
1191 517 1388 554 conducta
1417 517 1487 554 sed

160 593 259 627 vera,
284 581 322 617 in
343 594 421 630 qua
448 580 583 631 populi
607 580 778 619 Romani
803 594 1017 619 consensus
1040 594 1119 618 non
1141 580 1306 630 perspici
1327 583 1487 630 posset?

162 645 335 684 Habitae
362 654 452 684 sunt
479 647 625 684 multae
651 647 701 684 de
729 659 792 684 me
818 660 840 684 a
864 646 1077 697 gladiatore
1105 646 1415 692 sceleratissimo,
1437 648 1487 685 ad

160 724 256 761 quas
283 724 401 749 nemo
428 711 562 750 adibat
592 711 848 762 incorruptus,
878 726 997 751 nemo
1028 712 1199 761 integer3
1230 725 1347 750 nemo
1378 712 1486 750 illum

160 778 320 815 foedum
342 778 491 816 vultum
508 777 693 827 aspicere,
710 791 829 815 nemo
850 777 1025 815 furialem
1043 791 1181 816 vocem
1202 778 1331 816 bonus
1352 779 1486 816 audire

159 850 320 892 poterat.
380 844 501 880 Erant
522 842 609 881 illae
629 843 836 881 contiones
858 843 1099 892 perditorum
1121 844 1327 880 hominum
1352 856 1486 881 neces-

160 907 260 945 sario
279 907 537 946 turbulentae.
584 907 737 946 Habuit
759 909 809 946 de
829 909 971 946 eodem
992 921 1055 946 me
1077 910 1117 945 P.
1139 909 1327 946 Lentulus
1349 911 1486 946 consul

159 971 408 1011 contionem:
452 986 665 1011 concursus
700 981 758 1011 est
787 973 924 1022 populi
955 973 1125 1011 Romani
1156 974 1305 1020 factus;
1347 987 1485 1012 omnes

159 1036 325 1084 ordines,
349 1045 430 1075 tota
457 1038 495 1074 in
525 1037 588 1074 illa
613 1039 801 1075 contione
827 1038 940 1075 Italia
967 1037 1149 1076 constitit.
1211 1039 1299 1087 Egit
1326 1051 1484 1076 causam

159 1115 311 1139 summa
331 1115 421 1139 cum
448 1101 633 1151 gravitate
661 1103 854 1151 copiaque
875 1102 1032 1140 dicendi
1061 1110 1169 1140 tanto
1191 1102 1354 1148 silentio,
1379 1111 1486 1141 tanta

160 1166 444 1216 adprobatione
464 1168 657 1214 omnium,
673 1167 770 1204 nihil
787 1175 829 1205 ut
845 1180 1033 1216 umquam
1050 1168 1244 1205 videretur
1265 1174 1343 1204 tam
1365 1180 1485 1217 popu-

160 1233 237 1270 lare
257 1232 307 1269 ad
327 1230 463 1281 populi
485 1231 658 1268 Romani
679 1231 782 1269 auris
802 1233 1004 1270 accidisse.
1050 1233 1269 1270 Productus
1291 1241 1348 1270 est
1369 1232 1419 1270 ab
1436 1246 1484 1271 eo

160 1296 233 1335 Cn.
252 1295 474 1345 Pompeius,
493 1295 560 1345 qui
581 1309 622 1334 se
644 1309 724 1334 non
746 1298 873 1334 solum
894 1304 1094 1335 auctorem
1117 1310 1227 1335 meae
1248 1298 1391 1344 salutis,
1415 1299 1485 1336 sed

158 1360 275 1400 etiarn
296 1360 513 1410 supplicem
533 1362 683 1410 populo
705 1363 890 1399 Romano
901 1362 1093 1410 praebuit.
1145 1360 1277 1399 Huius
1298 1363 1421 1399 oratio
1443 1370 1484 1399 ut

159 1438 311 1475 semper
329 1425 453 1475 gravis
474 1433 511 1464 et
532 1434 639 1476 grata
655 1425 694 1463 in
711 1425 962 1464 contionibus
984 1425 1064 1472 fuit,
1084 1426 1138 1464 sic
1159 1427 1360 1464 contendo
1376 1440 1484 1464 num-

159 1503 276 1539 quam
297 1503 426 1540 neque
447 1489 682 1528 sententiam
703 1490 786 1528 eius
806 1491 1036 1528 auctoritate
1063 1502 1192 1539 neque
1219 1490 1482 1539 eloquentiam

158 1554 400 1593 iucunditate
427 1555 544 1593 fuisse
571 1557 729 1593 maiore.
788 1556 881 1603 Quo
902 1554 1056 1593 silentio
1084 1562 1174 1592 sunt
1200 1554 1321 1592 auditi
1343 1556 1393 1593 de
1422 1569 1484 1594 me

157 1621 273 1658 ceteri
294 1620 488 1670 principes
509 1620 698 1658 civitatis!
728 1634 828 1670 quos
849 1620 995 1659 idcirco
1016 1633 1096 1658 non
1123 1621 1279 1669 appello
1299 1621 1374 1657 hoc
1396 1622 1483 1658 loco

156 1698 206 1723 ne
228 1699 315 1723 mea
335 1685 469 1733 oratio,
492 1687 523 1723 si
544 1686 674 1723 minus
695 1686 747 1723 de
766 1685 899 1734 aliquo
919 1684 1063 1731 dixero,
1088 1683 1246 1733 ingrata,
1269 1684 1299 1721 si
1321 1685 1412 1722 satis
1434 1686 1484 1722 de

158 1750 352 1797 omnibus,
378 1750 529 1788 infinita
556 1764 641 1789 esse
662 1751 851 1788 videatur.
910 1750 1022 1788 Cedo
1050 1761 1154 1786 nunc
1182 1749 1358 1786 eiusdem
1383 1748 1483 1786 illius

204 1863 215 1883 1
243 1855 425 1885 conductas
443 1855 519 1885 coni.
542 1855 661 1886 Lamb.
753 1865 771 1884 2
796 1855 838 1884 de
857 1864 893 1884 re
910 1853 988 1892 pub.
1011 1863 1040 1892 p.
1062 1863 1087 1883 r.
1108 1852 1266 1882 iudicium
1286 1851 1417 1882 Baiter:
1442 1853 1484 1883 de

159 1907 188 1928 P.
207 1908 239 1927 R.
267 1898 333 1929 iud.
360 1897 468 1929 codd:
504 1909 580 1938 pop.
607 1898 705 1928 Rom.
733 1899 800 1928 iud.
821 1897 889 1935 Hk,
908 1896 990 1935 fort.
1013 1900 1089 1926 recte
1103 1896 1154 1934 (cf.
1176 1895 1262 1934 infra
1286 1905 1363 1934 pop.
1384 1896 1480 1927 Rom.

157 1944 358 1981 consensus)
376 1953 382 1971 :
407 1943 448 1972 de
466 1952 501 1971 re
520 1942 594 1980 pub.
617 1942 683 1972 iud.
700 1941 859 1971 Momms.
881 1952 888 1970 ε
913 1940 955 1969 de
974 1939 1070 1969 nobis
1089 1939 1154 1969 iud.
1172 1938 1275 1968 Hertz
1290 1939 1379 1978 (Vas.
1399 1942 1413 1976 ξ
1430 1940 1481 1977 10)

156 1986 177 2014 6
209 1995 276 2015 non
302 1985 448 2024 perspici
471 1984 646 2015 Zielinski:
679 1995 793 2024 persp.
817 1994 882 2014 non
907 1982 1027 2012 Lamb.
1052 1982 1146 2012 edat:
1176 1992 1242 2011 non
1263 1985 1338 2021 post
1362 1982 1394 2011 in
1418 1992 1484 2020 qua

157 2028 261 2068 suppl.
279 2028 317 2059 k:
342 2038 406 2058 om.
428 2029 487 2057 rell.
628 2039 644 2067 7
670 2039 689 2058 a
707 2039 772 2058 om.
785 2027 853 2057 Pet
865 2026 952 2057 codd.
961 2026 1040 2066 pler.
1137 2035 1174 2055 10
1200 2030 1293 2055 erant
1313 2024 1363 2055 G:
1387 2030 1484 2055 erant

158 2076 253 2101 erant
264 2070 367 2101 Prell.
379 2071 590 2111 praeiet-Hks
603 2072 714 2109 (erant
727 2073 829 2108 enim)
847 2082 854 2101 ε
880 2071 915 2109 cf
927 2074 1019 2101 certe
1039 2071 1053 2105 ξ
1069 2070 1109 2107 78
1213 2069 1250 2098 18
1269 2068 1424 2107 praebuit
1435 2068 1486 2098 ln'c

156 2114 261 2154 suppl.
284 2114 397 2145 Madv.
420 2116 450 2150 (ξ
469 2115 537 2153 40),
563 2119 637 2145 ante
657 2125 737 2154 pop.
758 2115 857 2145 Rom.
881 2112 1087 2151 Wesenberg:
1112 2122 1189 2151 pop.
1208 2111 1307 2142 Rom.
1333 2112 1483 2141 exhibuit

157 2157 233 2188 Hs:
256 2167 334 2196 pop.
351 2158 462 2188 exhib.
475 2159 557 2198 (om.
573 2158 744 2197 Rom.)k:
769 2158 943 2197 professus
967 2161 1020 2186 est
1042 2155 1143 2194 Koclz,
1169 2156 1376 2194 praedicavit
1399 2155 1486 2185 Reid

158 2206 193 2230 ut
210 2210 343 2239 semper
359 2202 471 2240 gravis
488 2201 650 2241 Spengel:
675 2206 707 2232 et
725 2201 901 2240 pergravis
924 2199 1011 2230 codd.
1154 2209 1192 2237 19
1214 2199 1246 2228 in
1270 2198 1484 2229 contionibus

157 2244 310 2274 omnibus
321 2244 510 2274 Eberhard:
529 2245 561 2274 in
580 2245 741 2275 contione
758 2244 913 2274 omnibus
933 2242 1029 2273 Orell.
1050 2247 1133 2273 auct.
1155 2242 1254 2271 Klotz
1343 2252 1385 2272 20
1409 2252 1484 2271 sen-

158 2288 296 2317 tentiam
320 2288 393 2317 eius
415 2289 615 2318 auctoritate
639 2298 749 2326 neque
774 2288 835 2317 sul.
863 2287 968 2326 suppl.
996 2286 1058 2317 P2:
1092 2296 1131 2315 ex
1153 2286 1308 2315 homoeot.
1334 2296 1398 2315 om.
1427 2284 1482 2322 ΡΙ,

158 2330 244 2360 unde
261 2341 441 2370 numquam
460 2334 550 2370 (euin
571 2330 646 2361 add.
662 2331 793 2369 Ehem.)
813 2340 922 2368 neque
944 2329 1136 2368 eloquentia
1157 2332 1247 2369 (eum
1266 2328 1340 2359 add.
1359 2328 1483 2368 Uppen-

159 2374 270 2407 ricderlr
297 2384 407 2412 neque
433 2375 639 2404 iucunditate
662 2375 764 2404 fuisse
795 2373 921 2403 maiore
946 2372 1087 2412 Spcngel
1252 2382 1292 2409 23
1318 2373 1483 2409 ingratast

157 2418 237 2447 satis
255 2417 296 2447 Ρι
315 2430 320 2447 :
347 2418 474 2455 ingrata
493 2419 534 2447 sit
553 2419 634 2449 satis
652 2418 694 2447 Ρ2
711 2418 774 2448 rell.
793 2421 921 2456 praeter
936 2416 1024 2445 llGle
1043 2417 1143 2455 (ingr.
1162 2415 1204 2445 sit
1223 2416 1248 2445 si
1267 2416 1362 2456 satis]

1512 152 1571 182 106

1511 924 1545 945 lo

1553 922 1567 955 *Ι

1508 1565 1566 1594 108
