1774 2782
132 534 148 565 5

112 862 150 883 10

111 1185 146 1215 ¹5

110 1510 148 1530 20

102 2158 143 2188 30

310 153 383 188 DE
418 153 785 191 1⁷1.-xRVSPI('x‘ix1
820 154 1105 192 RESPONSO
1136 156 1351 193 ORATIO
1474 167 1497 203 5
1518 166 1534 191 s

171 261 290 306 sultis,
315 273 414 309 quae
441 268 531 298 sunt
561 261 694 298 omnia
721 270 857 299 contra
884 262 990 299 illum
1015 276 1084 312 pro
1105 263 1357 313 religionibus
1384 267 1492 312 sacta,

171 325 452 373 hominemque
487 339 576 363 eum
612 326 679 375 qui
714 326 981 375 pulvinaribus
1017 328 1153 365 Bonae
1186 329 1285 366 deae
1318 337 1494 378 stuprum

170 387 350 434 intulerit,
371 402 495 438 eaque
515 402 622 428 sacra
643 404 743 439 quae
757 390 822 428 viri
841 392 964 428 oculis
986 405 1034 428 ne
1057 392 1314 440 imprudentis
1336 393 1494 442 quidem

169 452 289 502 aspici
320 454 375 491 sas
403 463 460 492 est
490 468 569 492 non
597 456 724 492 solum
749 462 912 505 aspectu
941 455 1038 493 virili
1072 458 1142 494 sed
1171 457 1315 506 flagitio
1348 466 1496 508 stupro-

169 530 246 566 que
267 517 428 566 violarit,
452 518 490 556 in
513 521 699 558 contione
726 521 776 558 de
803 519 1057 569 religionibus
1084 522 1271 570 neglectis
1295 523 1494 572 conqueri.

171 583 309 632 Itaque
337 597 443 621 nunc
472 583 647 633 proxima
673 585 807 621 contio
835 585 918 622 eius
946 593 1192 634 exspectatur
1218 587 1268 624 de
1296 588 1492 635 pudicitia.
1516 603 1534 633 9

170 648 277 696 Quid
299 647 403 685 enim
426 649 584 686 interest
605 656 733 686 utrum
753 649 802 686 ab
818 648 1004 687 altaribus
1024 649 1322 699 religiosissimis
1344 653 1496 702 fugatus

169 713 218 750 de
249 712 364 750 sacris
392 721 429 751 et
453 713 706 763 religionibus
731 722 1002 763 conqueratur,
1031 728 1081 752 an
1110 727 1157 753 ex
1187 728 1363 754 sororum
1391 717 1495 755 cubi<

169 779 259 815 culo
284 791 459 827 egressus
487 778 679 828 pudorem
706 778 1018 828 pudicitiamque
1044 780 1262 818 defendat?
1319 782 1495 831 Respon-

170 856 255 880 sum
277 842 525 892 haruspicum
548 844 623 881 hoc
644 856 779 881 recens
800 844 851 881 de
871 843 1026 881 fremitu
1048 844 1086 881 in
1108 844 1294 883 contione
1310 847 1493 893 recitavit,

169 907 207 944 in
239 921 318 957 quo
347 921 436 945 cum
467 907 550 945 aliis
581 907 713 945 multis
743 907 931 957 scriptum
961 909 1077 946 etiam
1109 908 1206 947 illud
1227 918 1295 956 est,
1318 910 1357 948 id
1388 912 1494 960 quod

167 971 341 1018 audistis,
361 973 473 1009 Loca
495 984 624 1010 SACRA
647 985 698 1009 ET
720 984 940 1010 RELIGIOSA
962 984 1157 1010 PROFANA
1178 985 1360 1013 limmat:
1389 975 1428 1013 in
1451 990 1494 1014 ea

167 1050 284 1074 causa
312 1050 397 1074 esse
426 1036 521 1074 dixit
551 1037 715 1075 domum
747 1051 875 1075 meam
905 1051 928 1075 a
957 1038 1249 1088 religiosissimo
1279 1042 1491 1088 sacerdote,

169 1103 208 1138 P.
230 1100 382 1146 Clodio,
406 1109 686 1139 consecratam.
746 1102 915 1140 Gaudeo
935 1102 1032 1140 mihi
1053 1104 1103 1141 de
1123 1111 1208 1142 toto
1229 1105 1304 1142 hoc
1325 1113 1491 1149 ostento,
1518 1124 1555 1144 10

168 1167 275 1215 quod
298 1167 403 1204 haud
423 1166 505 1204 scio
526 1180 575 1204 an
595 1166 865 1215 gravissimum
888 1170 1020 1206 multis
1041 1168 1101 1206 his
1122 1170 1235 1207 annis
1256 1171 1347 1208 liuic
1369 1171 1494 1209 ordini

167 1231 389 1268 nuntiatum
422 1230 480 1278 sit,
512 1232 645 1269 datam
675 1244 754 1269 non
789 1234 910 1270 modo
941 1231 1083 1270 iustam
1116 1234 1186 1271 sed
1216 1234 1332 1272 etiam
1365 1248 1495 1273 neces-

167 1295 304 1333 sariam
335 1309 493 1333 causam
525 1309 610 1334 esse
641 1296 825 1345 dicendi3
865 1297 1064 1347 reperietis
1094 1298 1199 1337 enim
1229 1312 1276 1337 ex
1306 1301 1381 1337 boc
1411 1309 1494 1339 toto

167 1360 345 1410 prodigio
372 1368 492 1410 atque
519 1374 709 1411 responso
734 1374 806 1398 nos
835 1362 884 1399 de
910 1361 1019 1400 istius
1049 1364 1194 1401 scelere
1220 1377 1266 1402 ac
1293 1365 1419 1403 furore
1448 1379 1494 1403 ac

167 1427 216 1464 de
242 1425 563 1476 impendentibus
591 1426 773 1477 periculis
802 1427 982 1465 maximis
1011 1441 1133 1478 prope
1159 1428 1237 1470 iam
1264 1443 1361 1468 voce
1389 1431 1493 1469 Iovis

168 1491 318 1541 Optimi
337 1491 499 1529 Maximi
514 1493 771 1541 praemoneri.
803 1493 881 1530 Sed
898 1492 1066 1543 primum
1083 1493 1252 1543 expiabo
1267 1494 1492 1544 religionem
1516 1513 1549 1534 11

165 1557 321 1596 aedium
346 1571 530 1604 mearum,
553 1558 584 1595 si
606 1558 646 1595 id
667 1559 794 1596 facere
810 1571 898 1596 vere
917 1571 964 1596 ac
984 1558 1069 1596 sine
1088 1560 1321 1609 cuiusquam
1343 1560 1495 1598 dubita-

165 1622 273 1661 tione
292 1631 456 1674 potero;
484 1622 543 1660 sin
565 1623 770 1672 scrupulus
791 1622 1044 1661 tenuissimus
1064 1623 1235 1663 residere
1253 1624 1369 1662 alicui
1391 1625 1494 1663 vide-

164 1687 277 1734 bitur,
301 1701 381 1726 non
405 1688 528 1726 modo
554 1686 718 1737 patienti
741 1688 811 1726 sed
836 1687 953 1725 etiam
981 1687 1117 1726 libenti
1143 1690 1278 1727 animo
1303 1690 1492 1740 portentis

163 1753 327 1790 deorum
350 1752 629 1790 immortalium
650 1751 907 1802 religionique
925 1753 1083 1803 parebo.

218 1818 296 1855 Sed
325 1831 426 1867 quae
455 1818 617 1855 tandem
647 1826 705 1856 est
736 1816 775 1855 in
804 1818 878 1855 hac
907 1817 1004 1856 urbe
1033 1825 1142 1856 tanta
1172 1820 1314 1858 domus
1340 1821 1391 1859 ab
1419 1822 1536 1859 ista6

164 1883 386 1932 suspicione
415 1882 612 1932 religionis
646 1890 726 1920 tam
755 1895 878 1920 vacua
907 1891 1026 1932 atque
1055 1886 1180 1932 pura?
1237 1886 1489 1935 Quamquam

162 1955 310 1986 vestrae
332 1949 484 1994 domus,
503 1955 631 1997 patres
649 1947 871 1998 conscripti,
889 1956 1189 1998 ceterorumque
1206 1949 1349 1987 civium
1366 1952 1490 1988 multo

163 2011 330 2050 maxima
364 2025 410 2051 ex
443 2020 551 2062 parte
586 2019 676 2050 sunt
709 2013 854 2050 liberae
889 2011 1087 2062 religione,
1125 2021 1256 2052 tamen
1292 2028 1369 2052 una
1402 2027 1490 2053 mea

162 2078 303 2115 domus
328 2076 481 2115 iudiciis
509 2077 694 2115 omnibus
719 2076 879 2115 liberata
908 2076 947 2114 in
972 2078 1045 2115 hac
1073 2078 1170 2116 urbe
1194 2081 1277 2117 sola
1303 2087 1372 2117 est.
1431 2081 1490 2118 Te

162 2142 265 2180 enim
286 2143 453 2191 appello,
477 2143 655 2188 Lentule,
680 2149 717 2180 et
738 2149 786 2189 te,
809 2141 1000 2191 Philippe.
1060 2144 1119 2180 Ex
1141 2144 1217 2181 hoc
1238 2145 1488 2194 haruspicum

161 2220 348 2256 responso
383 2207 553 2245 decrevit
587 2214 744 2245 senatus
780 2215 821 2245 ut
857 2208 906 2245 dc
933 2207 1028 2245 locis
1066 2207 1182 2245 sacris
1217 2208 1403 2258 religiosis
1438 2210 1488 2247 ad

205 2314 223 2342 8
248 2323 399 2343 sororum
419 2313 457 2343 k:
480 2325 614 2344 suorum
634 2314 697 2344 rell.
717 2325 723 2344 :
747 2325 882 2344 suarum
900 2325 1052 2345 sororum
1071 2314 1178 2345 Halm
1270 2326 1311 2344 20
1337 2326 1487 2354 praemo-

162 2357 232 2386 neri
253 2357 355 2386 Gbkt:
382 2358 583 2396 promoveri,
599 2358 783 2397 pcrmoveri
800 2358 863 2389 rell.
956 2369 996 2388 22
1021 2358 1189 2398 scripulus
1207 2357 1279 2387 PH
1365 2359 1485 2397 aliquoi

160 2398 273 2431 Aladv.
291 2411 297 2430 :
322 2400 441 2440 aliquis
460 2400 549 2433 codd.
