1774 2782
498 136 607 173 PRO
639 136 679 171 P.
709 133 903 172 SESTIO
935 132 1150 171 ORATIO
1441 136 1492 174 34

171 244 458 294 tranquillitatis
498 244 712 294 praesentis
753 245 893 282 fluctus
933 249 1288 293 tempestatemque
1328 239 1494 289 fugisse3

170 322 246 358 qua
264 322 312 356 re,
330 323 418 347 cum
435 309 578 347 absens
595 322 673 347 rem
693 309 890 359 publicam
906 322 985 346 non
1004 308 1131 346 minus
1147 306 1296 357 magnis
1314 305 1493 356 periculis

170 386 288 422 quam
310 375 483 423 quodam
501 381 677 423 tempore
698 386 881 423 praesens
903 374 1139 418 liberassem,
1159 386 1239 410 non
1260 370 1408 410 restitui
1431 384 1493 408 me

171 439 297 475 solum
319 439 389 476 sed
410 437 526 476 etiam
549 438 675 476 ornari
697 452 718 476 a
746 445 883 476 senatu
909 439 1058 476 decere.
1131 437 1354 486 Disputavit
1376 436 1492 473 etiam

133 519 149 549 5
171 505 291 541 multa
312 504 533 553 prudenter,
558 504 610 541 ita
630 505 680 541 de
706 517 768 541 me
796 503 905 540 illum
926 502 1238 540 amentissimum
1260 509 1297 539 et
1319 500 1494 550 profliga-

169 567 361 606 tissimum
384 569 537 606 hostem
560 569 720 617 pudoris
748 576 786 606 et
814 567 1025 618 pudicitiae
1052 566 1250 616 scripsisse
1279 579 1380 615 quae
1407 565 1494 602 scri-

169 632 322 682 psisset,
356 632 401 670 iis
430 632 556 671 verbis
587 633 703 671 rebus
735 631 938 671 sententiis
968 639 1020 679 ut,
1053 631 1170 669 etiam
1203 632 1233 668 si
1273 630 1354 668 iure
1393 637 1494 667 esset

168 705 358 747 rogatum,
382 705 513 735 tamen
543 699 621 735 vim
650 698 795 736 habere
827 711 907 736 non
942 704 1099 746 posset3
1140 709 1218 745 qua
1245 708 1284 733 re
1316 707 1390 741 me,
1424 693 1491 743 qui

170 763 276 799 nulla
302 764 387 811 lege
415 763 607 810 abessem,
637 776 717 800 non
745 762 894 801 restitui
924 764 1019 812 lege,
1041 763 1110 800 sed
1138 761 1308 799 revocari
1337 766 1494 798 senatus

112 845 151 866 10
169 826 398 865 auctoritate
413 835 603 877 oportere.
647 830 769 865 Hunc
791 841 908 866 nemo
925 835 1006 865 erat
1027 828 1122 876 quin
1139 825 1336 864 verissime
1353 826 1494 863 sentire

169 892 322 930 diceret.
386 893 463 930 Sed
493 900 580 942 post
610 906 701 931 eum
731 901 886 942 rogatus
917 894 990 932 Cn.
1022 891 1245 941 Pompeius,
1276 889 1494 939 adprobata

168 958 406 1007 laudataque
441 958 582 997 Cottae
614 957 819 1004 sententia,
854 957 949 996 dixit
981 970 1066 995 sese
1097 958 1151 995 oti
1184 956 1261 994 mei
1293 968 1422 1001 causa,
1453 962 1493 992 ut

168 1021 277 1060 omni
293 1022 471 1072 populari
492 1023 757 1061 concitatione
773 1023 1015 1072 defungerer,
1035 1034 1195 1060 censere
1211 1028 1253 1058 ut
1269 1021 1319 1059 ad
1336 1028 1493 1058 senatus

168 1087 441 1126 auctoritatem
476 1088 612 1138 populi
644 1102 804 1138 quoque
836 1089 1007 1126 Romani
1040 1088 1279 1126 beneficium
1311 1099 1400 1135 erga
1432 1098 1494 1122 me

112 1173 149 1204 15
170 1153 455 1203 adiungeretur.
515 1154 618 1193 Cum
650 1167 788 1192 omnes
818 1155 994 1192 certatim
1026 1155 1204 1202 aliusque
1235 1152 1312 1190 alio
1341 1152 1493 1201 gravius

169 1225 287 1267 atque
322 1217 494 1256 ornatius
528 1220 578 1257 de
611 1231 698 1256 mea
732 1220 857 1256 salute
888 1218 1046 1256 dixisset
1079 1219 1267 1267 fieretque
1299 1216 1382 1254 sine
1416 1217 1495 1253 ulla

168 1284 353 1321 varietate
380 1283 579 1331 discessio,
604 1283 776 1331 surrexit,
800 1291 842 1321 ut
868 1283 984 1329 scitis,
1008 1283 1149 1321 Atilius
1177 1282 1241 1320 hic
1269 1281 1494 1328 Gavianus;

169 1361 242 1386 nec
262 1362 380 1386 ausus
407 1355 475 1394 est,
499 1362 589 1386 cum
618 1355 719 1386 esset
747 1356 915 1398 emptus,
938 1347 1203 1395 intercedere3
1233 1353 1391 1384 noctem
1420 1346 1492 1383 sibi

168 1415 220 1452 ad
258 1413 557 1452 deliberandum
592 1413 813 1463 postulavit.
898 1414 1059 1453 Clamor
1093 1420 1260 1457 senatus,
1298 1412 1490 1461 querelae,

111 1497 152 1518 20
170 1491 315 1529 preces,
339 1492 449 1517 socer
474 1479 525 1516 ad
552 1479 674 1528 pedes
703 1478 890 1517 abiectus.
952 1479 1024 1516 Ille
1049 1491 1090 1516 se
1110 1479 1316 1515 adfirmare
1337 1484 1493 1525 postero

169 1545 234 1581 die
255 1557 403 1581 moram
424 1544 571 1580 nullam
589 1556 674 1581 esse
691 1544 894 1581 facturum.
939 1542 1143 1582 Creditum
1165 1550 1247 1589 est,
1276 1541 1492 1579 discessum

168 1618 237 1647 est.
298 1609 360 1647 Illi
383 1609 528 1648 interea
549 1609 799 1648 deliberatori
822 1622 970 1648 merces
991 1611 1107 1658 longa
1128 1607 1356 1657 interposita
1376 1615 1493 1644 nocte

168 1674 369 1724 duplicata
386 1682 454 1712 est.
512 1674 727 1713 Consecuti
744 1676 828 1712 dies
844 1676 957 1724 pauci
976 1674 1140 1712 omnino
1159 1674 1342 1711 Ianuario
1358 1685 1493 1710 mense

169 1753 238 1789 per
257 1753 356 1789 quos
373 1746 551 1778 senatum
569 1739 703 1777 haberi
725 1739 883 1787 liceret,-
912 1741 981 1778 sed
999 1748 1130 1777 tamen
1151 1746 1281 1776 actum
1304 1737 1399 1775 nihil
1421 1737 1493 1774 nisi

109 1821 149 1852 ²5
170 1806 220 1843 de
241 1818 314 1842 me.

223 1869 326 1908 Cum
342 1868 449 1907 omni
466 1882 585 1916 mora,
601 1868 881 1916 ludificatione,
898 1868 1093 1907 calumnia
1111 1875 1267 1906 senatus
1283 1865 1492 1905 auctoritas

167 1933 433 1984 impediretur,
472 1936 577 1972 venit
616 1936 777 1973 tandem
817 1934 986 1972 concilio
1025 1935 1075 1972 de
1114 1947 1177 1971 me
1214 1932 1355 1982 agendi
1395 1933 1489 1977 dies,

167 2012 241 2036 V111
267 2000 355 2038 Kal.
379 1999 491 2038 Febr.
552 2001 737 2050 Princeps
765 1999 986 2049 rogationis,
1017 1998 1072 2036 vir
1097 1998 1191 2035 mihi
1219 1995 1490 2042 amicissimus,

169 2066 216 2112 Q.
255 2064 466 2111 Fabricius,
508 2065 700 2114 templum
739 2064 942 2114 aliquanto
979 2072 1070 2102 ante
1109 2065 1236 2100 lucem
1272 2062 1489 2110 occupavit.

109 2147 149 2177 30
169 2129 336 2177 Quietus
370 2142 419 2168 eo
450 2129 515 2168 die
546 2129 704 2176 Sestius,
738 2131 768 2167 is
804 2129 869 2179 qui
902 2136 959 2167 est
991 2130 1040 2167 de
1074 2127 1109 2166 vi
1140 2141 1252 2171 reus3
1291 2133 1399 2164 actor
1428 2125 1492 2163 hic

167 2196 429 2245 defensorque
445 2208 585 2232 causae
603 2208 713 2232 meae
730 2194 824 2232 nihil
844 2195 1095 2243 progreditur,
1115 2192 1277 2230 consilia
1294 2198 1491 2239 exspectat

168 2259 413 2297 inimicorum
432 2272 620 2298 meorum.
664 2259 803 2307 Quid?
834 2259 886 2296 illi
903 2272 1069 2308 quorum
1091 2257 1256 2295 consilio
1281 2259 1318 2294 P.
1344 2257 1491 2293 Sestius

210 2373 248 2400 27
275 2362 417 2392 concilio
440 2361 481 2391 Pl
500 2373 506 2392 ε
531 2362 661 2391 concilii
680 2361 723 2391 Ῐ32
746 2362 808 2392 wll.
828 2373 834 2391 :
858 2361 997 2391 consilio
1018 2360 1126 2390 Bake:
1154 2360 1183 2388 in
1208 2358 1346 2388 concilio
1365 2358 1488 2395 Madv,

167 2406 198 2435 in
218 2405 349 2435 comitio
367 2404 483 2435 Lamb.
622 2414 663 2442 32
689 2405 799 2442 Quid?
825 2405 870 2434 illi
890 2404 998 2435 Muell.
1017 2415 1022 2433 τ
1048 2404 1135 2442 Quid
1154 2403 1200 2432 illi
1219 2402 1303 2441 vulg.
1326 2404 1355 2438 ᾧ
1374 2402 1445 2439 114)

1515 139 1553 173 73

1513 1853 1560 1890 35

1514 1912 1550 1946 75
