<?xml version="1.0" encoding="UTF-8"?>
<!DOCTYPE html PUBLIC "-//W3C//DTD XHTML 1.0 Transitional//EN"
    "http://www.w3.org/TR/xhtml1/DTD/xhtml1-transitional.dtd">
<html xmlns="http://www.w3.org/1999/xhtml" xml:lang="en" lang="en">
 <head>
  <title>
</title>
<meta http-equiv="Content-Type" content="text/html;charset=utf-8" />
  <meta name='ocr-system' content='tesseract 3.04.00' />
  <meta name='ocr-capabilities' content='ocr_page ocr_carea ocr_par ocr_line ocrx_word'/>
</head>
<body>
  <div class='ocr_page' id='page_1' title='image "./orationesrecogno05ciceuoft/orationesrecogno05ciceuoft_0126.png"; bbox 0 0 1774 2782; ppageno 0'>
   <div class='ocr_carea' id='block_1_1' title="bbox 267 135 349 170">
    <p class='ocr_par' dir='ltr' id='par_1_1' title="bbox 267 135 349 170">
     <span class='ocr_line' id='line_1_1' title="bbox 267 135 349 170; baseline -0.037 -7"><span class='ocrx_word' id='word_1_1' title='bbox 267 135 349 170; x_wconf 77' lang='lat'>132</span> 
     </span>
    </p>
   </div>
   <div class='ocr_carea' id='block_1_2' title="bbox 269 370 306 403">
    <p class='ocr_par' dir='ltr' id='par_1_2' title="bbox 269 370 306 403">
     <span class='ocr_line' id='line_1_2' title="bbox 269 370 306 403; baseline 0 0"><span class='ocrx_word' id='word_1_2' title='bbox 269 370 306 403; x_wconf 77' lang='lat'>27</span> 
     </span>
    </p>
   </div>
   <div class='ocr_carea' id='block_1_3' title="bbox 263 1083 300 1112">
    <p class='ocr_par' dir='ltr' id='par_1_3' title="bbox 263 1083 300 1112">
     <span class='ocr_line' id='line_1_3' title="bbox 263 1083 300 1112; baseline 0 0"><span class='ocrx_word' id='word_1_3' title='bbox 263 1083 300 1112; x_wconf 82' lang='lat'>28</span> 
     </span>
    </p>
   </div>
   <div class='ocr_carea' id='block_1_4' title="bbox 257 1936 296 1966">
    <p class='ocr_par' dir='ltr' id='par_1_4' title="bbox 257 1936 296 1966">
     <span class='ocr_line' id='line_1_4' title="bbox 257 1936 296 1966; baseline 0 0"><span class='ocrx_word' id='word_1_4' title='bbox 257 1936 296 1966; x_wconf 83' lang='lat'>29</span> 
     </span>
    </p>
   </div>
   <div class='ocr_carea' id='block_1_5' title="bbox 356 120 1296 160">
    <p class='ocr_par' dir='ltr' id='par_1_5' title="bbox 356 120 1296 160">
     <span class='ocr_line' id='line_1_5' title="bbox 356 120 1296 160; baseline -0.002 0"><span class='ocrx_word' id='word_1_5' title='bbox 356 130 374 160; x_wconf 94' lang='lat'><strong>6</strong></span> <span class='ocrx_word' id='word_1_6' title='bbox 701 124 756 159; x_wconf 85' lang='lat' dir='ltr'>M.</span> <span class='ocrx_word' id='word_1_7' title='bbox 788 123 955 159; x_wconf 83' lang='lat' dir='ltr'>TVLLI</span> <span class='ocrx_word' id='word_1_8' title='bbox 989 120 1296 160; x_wconf 85' lang='lat' dir='ltr'>CICERONIS</span> 
     </span>
    </p>
   </div>
   <div class='ocr_carea' id='block_1_6' title="bbox 329 229 1659 476">
    <p class='ocr_par' dir='ltr' id='par_1_6' title="bbox 329 229 1659 476">
     <span class='ocr_line' id='line_1_6' title="bbox 332 229 1658 284; baseline -0.002 -13"><span class='ocrx_word' id='word_1_9' title='bbox 332 234 438 271; x_wconf 87' lang='lat' dir='ltr'>libris</span> <span class='ocrx_word' id='word_1_10' title='bbox 460 235 682 284; x_wconf 78' lang='lat' dir='ltr'>expetisse?</span> <span class='ocrx_word' id='word_1_11' title='bbox 713 233 743 271; x_wconf 88' lang='lat' dir='ltr'>si</span> <span class='ocrx_word' id='word_1_12' title='bbox 765 232 817 270; x_wconf 87' lang='lat' dir='ltr'>illi</span> <span class='ocrx_word' id='word_1_13' title='bbox 840 239 929 270; x_wconf 89' lang='lat' dir='ltr'>sunt</span> <span class='ocrx_word' id='word_1_14' title='bbox 951 231 1065 269; x_wconf 88' lang='lat' dir='ltr'>vestri</span> <span class='ocrx_word' id='word_1_15' title='bbox 1087 244 1186 280; x_wconf 87' lang='lat' dir='ltr'>quos</span> <span class='ocrx_word' id='word_1_16' title='bbox 1213 238 1253 268; x_wconf 91' lang='lat' dir='ltr'>tu</span> <span class='ocrx_word' id='word_1_17' title='bbox 1276 229 1396 280; x_wconf 86' lang='lat' dir='ltr'>impia</span> <span class='ocrx_word' id='word_1_18' title='bbox 1416 237 1548 267; x_wconf 88' lang='lat' dir='ltr'>mente</span> <span class='ocrx_word' id='word_1_19' title='bbox 1569 242 1658 268; x_wconf 86' lang='lat' dir='ltr'>con-</span> 
     </span>
     <span class='ocr_line' id='line_1_7' title="bbox 330 294 1657 348; baseline -0.004 -12"><span class='ocrx_word' id='word_1_20' title='bbox 330 299 460 348; x_wconf 89' lang='lat' dir='ltr'>quiris,</span> <span class='ocrx_word' id='word_1_21' title='bbox 485 298 637 336; x_wconf 88' lang='lat' dir='ltr'>violatis</span> <span class='ocrx_word' id='word_1_22' title='bbox 663 298 785 335; x_wconf 90' lang='lat' dir='ltr'>oculis</span> <span class='ocrx_word' id='word_1_23' title='bbox 813 296 918 346; x_wconf 84' lang='lat' dir='ltr'>legis,</span> <span class='ocrx_word' id='word_1_24' title='bbox 942 295 1219 333; x_wconf 87' lang='lat' dir='ltr'>contaminatis</span> <span class='ocrx_word' id='word_1_25' title='bbox 1250 294 1432 332; x_wconf 88' lang='lat' dir='ltr'>manibus</span> <span class='ocrx_word' id='word_1_26' title='bbox 1463 301 1657 332; x_wconf 82' lang='lat' dir='ltr'>attrectas.</span> 
     </span>
     <span class='ocr_line' id='line_1_8' title="bbox 333 359 1659 412; baseline -0.004 -12"><span class='ocrx_word' id='word_1_27' title='bbox 333 365 421 400; x_wconf 87' lang='lat' dir='ltr'>Hac</span> <span class='ocrx_word' id='word_1_28' title='bbox 452 362 565 412; x_wconf 87' lang='lat' dir='ltr'>igitur</span> <span class='ocrx_word' id='word_1_29' title='bbox 596 369 683 399; x_wconf 85' lang='lat' dir='ltr'>vate</span> <span class='ocrx_word' id='word_1_30' title='bbox 714 362 904 398; x_wconf 83' lang='lat' dir='ltr'>suadente</span> <span class='ocrx_word' id='word_1_31' title='bbox 934 361 1148 409; x_wconf 84' lang='lat' dir='ltr'>quondam,</span> <span class='ocrx_word' id='word_1_32' title='bbox 1181 361 1336 398; x_wconf 87' lang='lat' dir='ltr'>defessa</span> <span class='ocrx_word' id='word_1_33' title='bbox 1364 359 1477 396; x_wconf 84' lang='lat' dir='ltr'>Italia</span> <span class='ocrx_word' id='word_1_34' title='bbox 1507 360 1659 396; x_wconf 91' lang='lat' dir='ltr'>Punico</span> 
     </span>
     <span class='ocr_line' id='line_1_9' title="bbox 329 422 1658 476; baseline -0.003 -13"><span class='ocrx_word' id='word_1_35' title='bbox 329 428 433 465; x_wconf 88' lang='lat' dir='ltr'>bello</span> <span class='ocrx_word' id='word_1_36' title='bbox 459 434 576 476; x_wconf 88' lang='lat' dir='ltr'>atque</span> <span class='ocrx_word' id='word_1_37' title='bbox 604 428 651 463; x_wconf 80' lang='lat' dir='ltr'>ab</span> <span class='ocrx_word' id='word_1_38' title='bbox 680 426 909 463; x_wconf 84' lang='lat' dir='ltr'>Hannibale</span> <span class='ocrx_word' id='word_1_39' title='bbox 936 432 1082 471; x_wconf 81' lang='lat' dir='ltr'>vexata,</span> <span class='ocrx_word' id='word_1_40' title='bbox 1106 438 1213 462; x_wconf 87' lang='lat' dir='ltr'>sacra</span> <span class='ocrx_word' id='word_1_41' title='bbox 1243 424 1314 461; x_wconf 87' lang='lat' dir='ltr'>ista</span> <span class='ocrx_word' id='word_1_42' title='bbox 1341 424 1461 461; x_wconf 88' lang='lat' dir='ltr'>nostri</span> <span class='ocrx_word' id='word_1_43' title='bbox 1491 422 1658 460; x_wconf 86' lang='lat' dir='ltr'>maiores</span> 
     </span>
    </p>
   </div>
   <div class='ocr_carea' id='block_1_7' title="bbox 317 486 1716 2293">
    <p class='ocr_par' dir='ltr' id='par_1_7' title="bbox 317 486 1716 2293">
     <span class='ocr_line' id='line_1_10' title="bbox 326 486 1694 540; baseline -0.004 -11"><span class='ocrx_word' id='word_1_44' title='bbox 326 493 477 529; x_wconf 83' lang='lat' dir='ltr'>adscita</span> <span class='ocrx_word' id='word_1_45' title='bbox 499 505 544 529; x_wconf 84' lang='lat' dir='ltr'>ex</span> <span class='ocrx_word' id='word_1_46' title='bbox 574 491 740 540; x_wconf 84' lang='lat' dir='ltr'>Phrygia</span> <span class='ocrx_word' id='word_1_47' title='bbox 768 492 921 528; x_wconf 88' lang='lat' dir='ltr'>Romae</span> <span class='ocrx_word' id='word_1_48' title='bbox 946 491 1202 526; x_wconf 89' lang='lat' dir='ltr'>conlocarunt</span> <span class='ocrx_word' id='word_1_49' title='bbox 1220 504 1228 535; x_wconf 87' lang='lat'>;</span> <span class='ocrx_word' id='word_1_50' title='bbox 1257 502 1358 538; x_wconf 90' lang='lat' dir='ltr'>quae</span> <span class='ocrx_word' id='word_1_51' title='bbox 1379 487 1434 525; x_wconf 82' lang='lat' dir='ltr'>vir</span> <span class='ocrx_word' id='word_1_52' title='bbox 1455 487 1486 525; x_wconf 87' lang='lat' dir='ltr'>is</span> <span class='ocrx_word' id='word_1_53' title='bbox 1506 486 1657 536; x_wconf 88' lang='lat' dir='ltr'>accepit</span> <span class='ocrx_word' id='word_1_54' title='bbox 1676 500 1694 531; x_wconf 85' lang='lat'>5</span> 
     </span>
     <span class='ocr_line' id='line_1_11' title="bbox 326 551 1658 605; baseline -0.005 -11"><span class='ocrx_word' id='word_1_55' title='bbox 326 556 393 605; x_wconf 90' lang='lat' dir='ltr'>qui</span> <span class='ocrx_word' id='word_1_56' title='bbox 415 564 472 594; x_wconf 90' lang='lat' dir='ltr'>est</span> <span class='ocrx_word' id='word_1_57' title='bbox 495 557 667 605; x_wconf 89' lang='lat' dir='ltr'>optimus</span> <span class='ocrx_word' id='word_1_58' title='bbox 689 554 823 604; x_wconf 89' lang='lat' dir='ltr'>populi</span> <span class='ocrx_word' id='word_1_59' title='bbox 850 553 1021 591; x_wconf 91' lang='lat' dir='ltr'>Romani</span> <span class='ocrx_word' id='word_1_60' title='bbox 1050 552 1255 598; x_wconf 87' lang='lat' dir='ltr'>iudicatus,</span> <span class='ocrx_word' id='word_1_61' title='bbox 1280 555 1320 589; x_wconf 89' lang='lat' dir='ltr'>P.</span> <span class='ocrx_word' id='word_1_62' title='bbox 1345 551 1488 601; x_wconf 84' lang='lat' dir='ltr'>Scipio,</span> <span class='ocrx_word' id='word_1_63' title='bbox 1513 553 1658 589; x_wconf 89' lang='lat' dir='ltr'>femina</span> 
     </span>
     <span class='ocr_line' id='line_1_12' title="bbox 325 617 1654 670; baseline -0.005 -11"><span class='ocrx_word' id='word_1_64' title='bbox 325 629 457 659; x_wconf 86' lang='lat' dir='ltr'>autem</span> <span class='ocrx_word' id='word_1_65' title='bbox 487 634 588 670; x_wconf 91' lang='lat' dir='ltr'>quae</span> <span class='ocrx_word' id='word_1_66' title='bbox 617 628 882 657; x_wconf 87' lang='lat' dir='ltr'>matronarum</span> <span class='ocrx_word' id='word_1_67' title='bbox 912 617 1129 655; x_wconf 81' lang='lat' dir='ltr'>castissima</span> <span class='ocrx_word' id='word_1_68' title='bbox 1156 617 1379 666; x_wconf 87' lang='lat' dir='ltr'>putabatur,</span> <span class='ocrx_word' id='word_1_69' title='bbox 1404 618 1452 664; x_wconf 89' lang='lat' dir='ltr'>Q.</span> <span class='ocrx_word' id='word_1_70' title='bbox 1476 617 1654 662; x_wconf 87' lang='lat' dir='ltr'>Claudia,</span> 
     </span>
     <span class='ocr_line' id='line_1_13' title="bbox 325 680 1656 735; baseline -0.005 -11"><span class='ocrx_word' id='word_1_71' title='bbox 325 686 435 724; x_wconf 88' lang='lat' dir='ltr'>cuius</span> <span class='ocrx_word' id='word_1_72' title='bbox 465 686 629 735; x_wconf 84' lang='lat' dir='ltr'>priscam</span> <span class='ocrx_word' id='word_1_73' title='bbox 659 684 764 722; x_wconf 84' lang='lat' dir='ltr'>illam</span> <span class='ocrx_word' id='word_1_74' title='bbox 787 683 1031 721; x_wconf 84' lang='lat' dir='ltr'>severitatem</span> <span class='ocrx_word' id='word_1_75' title='bbox 1055 680 1252 734; x_wconf 84' lang='lat' dir='ltr'>[sacrifici]</span> <span class='ocrx_word' id='word_1_76' title='bbox 1275 681 1437 719; x_wconf 75' lang='lat' dir='ltr'>mirifice</span> <span class='ocrx_word' id='word_1_77' title='bbox 1462 688 1528 719; x_wconf 91' lang='lat' dir='ltr'>tua</span> <span class='ocrx_word' id='word_1_78' title='bbox 1548 694 1656 719; x_wconf 87' lang='lat' dir='ltr'>soror</span> 
     </span>
     <span class='ocr_line' id='line_1_14' title="bbox 324 747 1655 797; baseline -0.005 -8"><span class='ocrx_word' id='word_1_79' title='bbox 324 751 566 789; x_wconf 80' lang='lat' dir='ltr'>existimatur</span> <span class='ocrx_word' id='word_1_80' title='bbox 587 750 746 787; x_wconf 84' lang='lat' dir='ltr'>imitata.</span> <span class='ocrx_word' id='word_1_81' title='bbox 808 748 918 785; x_wconf 85' lang='lat' dir='ltr'>Nihil</span> <span class='ocrx_word' id='word_1_82' title='bbox 946 756 983 786; x_wconf 89' lang='lat' dir='ltr'>te</span> <span class='ocrx_word' id='word_1_83' title='bbox 1012 747 1124 797; x_wconf 85' lang='lat' dir='ltr'>igitur</span> <span class='ocrx_word' id='word_1_84' title='bbox 1151 761 1280 796; x_wconf 91' lang='lat' dir='ltr'>neque</span> <span class='ocrx_word' id='word_1_85' title='bbox 1301 747 1467 784; x_wconf 89' lang='lat' dir='ltr'>maiores</span> <span class='ocrx_word' id='word_1_86' title='bbox 1489 748 1542 784; x_wconf 87' lang='lat' dir='ltr'>tui</span> <span class='ocrx_word' id='word_1_87' title='bbox 1564 760 1655 784; x_wconf 89' lang='lat' dir='ltr'>con-</span> 
     </span>
     <span class='ocr_line' id='line_1_15' title="bbox 324 812 1716 864; baseline -0.004 -10"><span class='ocrx_word' id='word_1_88' title='bbox 324 816 443 855; x_wconf 89' lang='lat' dir='ltr'>iuncti</span> <span class='ocrx_word' id='word_1_89' title='bbox 470 830 560 854; x_wconf 85' lang='lat' dir='ltr'>cum</span> <span class='ocrx_word' id='word_1_90' title='bbox 586 817 645 853; x_wconf 86' lang='lat' dir='ltr'>his</span> <span class='ocrx_word' id='word_1_91' title='bbox 673 814 939 864; x_wconf 83' lang='lat' dir='ltr'>religionibus,</span> <span class='ocrx_word' id='word_1_92' title='bbox 963 826 1092 862; x_wconf 90' lang='lat' dir='ltr'>neque</span> <span class='ocrx_word' id='word_1_93' title='bbox 1119 812 1381 850; x_wconf 83' lang='lat' dir='ltr'>sacerdotium</span> <span class='ocrx_word' id='word_1_94' title='bbox 1411 813 1550 861; x_wconf 88' lang='lat' dir='ltr'>ipsum,</span> <span class='ocrx_word' id='word_1_95' title='bbox 1574 825 1654 861; x_wconf 87' lang='lat' dir='ltr'>quo</span> <span class='ocrx_word' id='word_1_96' title='bbox 1677 827 1716 849; x_wconf 93' lang='lat'>10</span> 
     </span>
     <span class='ocr_line' id='line_1_16' title="bbox 325 864 1654 928; baseline -0.004 -9"><span class='ocrx_word' id='word_1_97' title='bbox 325 889 381 919; x_wconf 80' lang='lat' dir='ltr'>est</span> <span class='ocrx_word' id='word_1_98' title='bbox 404 882 500 919; x_wconf 87' lang='lat' dir='ltr'>haec</span> <span class='ocrx_word' id='word_1_99' title='bbox 522 888 602 918; x_wconf 86' lang='lat' dir='ltr'>tota</span> <span class='ocrx_word' id='word_1_100' title='bbox 623 879 757 928; x_wconf 89' lang='lat' dir='ltr'>religio</span> <span class='ocrx_word' id='word_1_101' title='bbox 779 878 1003 923; x_wconf 86' lang='lat' dir='ltr'>constituta,</span> <span class='ocrx_word' id='word_1_102' title='bbox 1026 890 1156 926; x_wconf 89' lang='lat' dir='ltr'>neque</span> <span class='ocrx_word' id='word_1_103' title='bbox 1177 877 1320 914; x_wconf 86' lang='lat' dir='ltr'>curulis</span> <span class='ocrx_word' id='word_1_104' title='bbox 1340 864 1529 921; x_wconf 79' lang='lat' dir='ltr'>aedilitas,</span> <span class='ocrx_word' id='word_1_105' title='bbox 1553 889 1654 925; x_wconf 89' lang='lat' dir='ltr'>quae</span> 
     </span>
     <span class='ocr_line' id='line_1_17' title="bbox 325 941 1654 993; baseline -0.005 -9"><span class='ocrx_word' id='word_1_106' title='bbox 325 946 492 984; x_wconf 81' lang='lat' dir='ltr'>maxime</span> <span class='ocrx_word' id='word_1_107' title='bbox 523 947 624 983; x_wconf 86' lang='lat' dir='ltr'>hanc</span> <span class='ocrx_word' id='word_1_108' title='bbox 655 944 751 982; x_wconf 86' lang='lat' dir='ltr'>tueri</span> <span class='ocrx_word' id='word_1_109' title='bbox 784 943 1010 993; x_wconf 81' lang='lat' dir='ltr'>religionem</span> <span class='ocrx_word' id='word_1_110' title='bbox 1047 943 1157 988; x_wconf 87' lang='lat' dir='ltr'>solet,</span> <span class='ocrx_word' id='word_1_111' title='bbox 1189 941 1381 990; x_wconf 83' lang='lat' dir='ltr'>permovit</span> <span class='ocrx_word' id='word_1_112' title='bbox 1414 955 1493 990; x_wconf 91' lang='lat' dir='ltr'>quo</span> <span class='ocrx_word' id='word_1_113' title='bbox 1525 942 1654 979; x_wconf 91' lang='lat' dir='ltr'>minus</span> 
     </span>
     <span class='ocr_line' id='line_1_18' title="bbox 324 1007 1654 1057; baseline -0.004 -8"><span class='ocrx_word' id='word_1_114' title='bbox 324 1011 563 1049; x_wconf 84' lang='lat' dir='ltr'>castissimos</span> <span class='ocrx_word' id='word_1_115' title='bbox 598 1011 713 1048; x_wconf 87' lang='lat' dir='ltr'>ludos</span> <span class='ocrx_word' id='word_1_116' title='bbox 744 1008 851 1047; x_wconf 92' lang='lat' dir='ltr'>omni</span> <span class='ocrx_word' id='word_1_117' title='bbox 883 1007 1028 1057; x_wconf 82' lang='lat' dir='ltr'>flagitio</span> <span class='ocrx_word' id='word_1_118' title='bbox 1057 1008 1262 1056; x_wconf 85' lang='lat' dir='ltr'>pollueres,</span> <span class='ocrx_word' id='word_1_119' title='bbox 1295 1008 1491 1045; x_wconf 89' lang='lat' dir='ltr'>dedecore</span> <span class='ocrx_word' id='word_1_120' title='bbox 1525 1020 1654 1045; x_wconf 87' lang='lat' dir='ltr'>macu-</span> 
     </span>
     <span class='ocr_line' id='line_1_19' title="bbox 324 1072 1651 1124; baseline -0.004 -10"><span class='ocrx_word' id='word_1_121' title='bbox 324 1078 431 1122; x_wconf 84' lang='lat' dir='ltr'>lares,</span> <span class='ocrx_word' id='word_1_122' title='bbox 467 1078 612 1114; x_wconf 89' lang='lat' dir='ltr'>scelere</span> <span class='ocrx_word' id='word_1_123' title='bbox 647 1075 869 1124; x_wconf 86' lang='lat' dir='ltr'>obligares?</span> <span class='ocrx_word' id='word_1_124' title='bbox 928 1074 1004 1112; x_wconf 85' lang='lat' dir='ltr'>Sed</span> <span class='ocrx_word' id='word_1_125' title='bbox 1040 1073 1134 1122; x_wconf 89' lang='lat' dir='ltr'>quid</span> <span class='ocrx_word' id='word_1_126' title='bbox 1167 1085 1239 1122; x_wconf 84' lang='lat' dir='ltr'>ego</span> <span class='ocrx_word' id='word_1_127' title='bbox 1271 1072 1311 1111; x_wconf 91' lang='lat' dir='ltr'>id</span> <span class='ocrx_word' id='word_1_128' title='bbox 1344 1072 1545 1110; x_wconf 89' lang='lat' dir='ltr'>admiror?</span> <span class='ocrx_word' id='word_1_129' title='bbox 1585 1073 1651 1122; x_wconf 89' lang='lat' dir='ltr'>qui</span> 
     </span>
     <span class='ocr_line' id='line_1_20' title="bbox 321 1137 1711 1191; baseline -0.003 -11"><span class='ocrx_word' id='word_1_130' title='bbox 321 1150 484 1191; x_wconf 86' lang='lat' dir='ltr'>accepta</span> <span class='ocrx_word' id='word_1_131' title='bbox 506 1140 672 1191; x_wconf 90' lang='lat' dir='ltr'>pecunia</span> <span class='ocrx_word' id='word_1_132' title='bbox 699 1139 973 1177; x_wconf 84' lang='lat' dir='ltr'>Pessinuntem</span> <span class='ocrx_word' id='word_1_133' title='bbox 1000 1139 1140 1188; x_wconf 89' lang='lat' dir='ltr'>ipsum,</span> <span class='ocrx_word' id='word_1_134' title='bbox 1163 1139 1297 1176; x_wconf 87' lang='lat' dir='ltr'>sedem</span> <span class='ocrx_word' id='word_1_135' title='bbox 1326 1137 1650 1187; x_wconf 87' lang='lat' dir='ltr'>domiciliumque</span> <span class='ocrx_word' id='word_1_136' title='bbox 1673 1154 1711 1186; x_wconf 86' lang='lat'>15</span> 
     </span>
     <span class='ocr_line' id='line_1_21' title="bbox 323 1202 1651 1253; baseline -0.003 -9"><span class='ocrx_word' id='word_1_137' title='bbox 323 1207 460 1244; x_wconf 88' lang='lat' dir='ltr'>Matris</span> <span class='ocrx_word' id='word_1_138' title='bbox 491 1207 667 1252; x_wconf 89' lang='lat' dir='ltr'>deorum,</span> <span class='ocrx_word' id='word_1_139' title='bbox 696 1204 867 1251; x_wconf 80' lang='lat' dir='ltr'>vastaris,</span> <span class='ocrx_word' id='word_1_140' title='bbox 897 1211 933 1241; x_wconf 89' lang='lat' dir='ltr'>et</span> <span class='ocrx_word' id='word_1_141' title='bbox 967 1203 1169 1253; x_wconf 82' lang='lat' dir='ltr'>Brogitaro</span> <span class='ocrx_word' id='word_1_142' title='bbox 1199 1204 1466 1252; x_wconf 86' lang='lat' dir='ltr'>Gallograeco,</span> <span class='ocrx_word' id='word_1_143' title='bbox 1497 1202 1651 1252; x_wconf 91' lang='lat' dir='ltr'>impuro</span> 
     </span>
     <span class='ocr_line' id='line_1_22' title="bbox 322 1267 1652 1317; baseline -0.002 -9"><span class='ocrx_word' id='word_1_144' title='bbox 322 1270 471 1308; x_wconf 91' lang='lat' dir='ltr'>homini</span> <span class='ocrx_word' id='word_1_145' title='bbox 497 1284 542 1308; x_wconf 88' lang='lat' dir='ltr'>ac</span> <span class='ocrx_word' id='word_1_146' title='bbox 570 1268 729 1315; x_wconf 85' lang='lat' dir='ltr'>nefario,</span> <span class='ocrx_word' id='word_1_147' title='bbox 753 1268 864 1306; x_wconf 83' lang='lat' dir='ltr'>cuius</span> <span class='ocrx_word' id='word_1_148' title='bbox 892 1267 1007 1317; x_wconf 84' lang='lat' dir='ltr'>legati</span> <span class='ocrx_word' id='word_1_149' title='bbox 1035 1275 1072 1305; x_wconf 89' lang='lat' dir='ltr'>te</span> <span class='ocrx_word' id='word_1_150' title='bbox 1100 1267 1259 1305; x_wconf 86' lang='lat' dir='ltr'>tribuno</span> <span class='ocrx_word' id='word_1_151' title='bbox 1287 1267 1462 1306; x_wconf 86' lang='lat' dir='ltr'>dividere</span> <span class='ocrx_word' id='word_1_152' title='bbox 1490 1269 1528 1305; x_wconf 94' lang='lat' dir='ltr'>in</span> <span class='ocrx_word' id='word_1_153' title='bbox 1553 1269 1652 1306; x_wconf 86' lang='lat' dir='ltr'>aede</span> 
     </span>
     <span class='ocr_line' id='line_1_23' title="bbox 322 1333 1649 1384; baseline -0.002 -10"><span class='ocrx_word' id='word_1_154' title='bbox 322 1335 494 1374; x_wconf 85' lang='lat' dir='ltr'>Castoris</span> <span class='ocrx_word' id='word_1_155' title='bbox 525 1334 600 1372; x_wconf 88' lang='lat' dir='ltr'>tuis</span> <span class='ocrx_word' id='word_1_156' title='bbox 632 1335 759 1384; x_wconf 82' lang='lat' dir='ltr'>operis</span> <span class='ocrx_word' id='word_1_157' title='bbox 789 1347 974 1371; x_wconf 88' lang='lat' dir='ltr'>nummos</span> <span class='ocrx_word' id='word_1_158' title='bbox 1005 1333 1196 1380; x_wconf 87' lang='lat' dir='ltr'>solebant,</span> <span class='ocrx_word' id='word_1_159' title='bbox 1223 1340 1349 1371; x_wconf 87' lang='lat' dir='ltr'>totum</span> <span class='ocrx_word' id='word_1_160' title='bbox 1380 1334 1488 1370; x_wconf 92' lang='lat' dir='ltr'>illum</span> <span class='ocrx_word' id='word_1_161' title='bbox 1519 1335 1649 1372; x_wconf 89' lang='lat' dir='ltr'>locum</span> 
     </span>
     <span class='ocr_line' id='line_1_24' title="bbox 320 1398 1651 1451; baseline -0.002 -11"><span class='ocrx_word' id='word_1_162' title='bbox 320 1404 535 1451; x_wconf 85' lang='lat' dir='ltr'>fanumque</span> <span class='ocrx_word' id='word_1_163' title='bbox 556 1399 790 1445; x_wconf 83' lang='lat' dir='ltr'>vendideris,</span> <span class='ocrx_word' id='word_1_164' title='bbox 815 1400 1061 1437; x_wconf 87' lang='lat' dir='ltr'>sacerdotem</span> <span class='ocrx_word' id='word_1_165' title='bbox 1081 1399 1132 1437; x_wconf 90' lang='lat' dir='ltr'>ab</span> <span class='ocrx_word' id='word_1_166' title='bbox 1159 1398 1252 1449; x_wconf 88' lang='lat' dir='ltr'>ipsis</span> <span class='ocrx_word' id='word_1_167' title='bbox 1272 1398 1347 1436; x_wconf 88' lang='lat' dir='ltr'>aris</span> <span class='ocrx_word' id='word_1_168' title='bbox 1369 1398 1651 1449; x_wconf 84' lang='lat' dir='ltr'>pulvinaribus-</span> 
     </span>
     <span class='ocr_line' id='line_1_25' title="bbox 319 1464 1712 1517; baseline -0.004 -12"><span class='ocrx_word' id='word_1_169' title='bbox 319 1481 395 1517; x_wconf 85' lang='lat' dir='ltr'>que</span> <span class='ocrx_word' id='word_1_170' title='bbox 423 1466 646 1512; x_wconf 87' lang='lat' dir='ltr'>detraxeris,</span> <span class='ocrx_word' id='word_1_171' title='bbox 668 1464 801 1503; x_wconf 86' lang='lat' dir='ltr'>omnia</span> <span class='ocrx_word' id='word_1_172' title='bbox 830 1464 894 1501; x_wconf 89' lang='lat' dir='ltr'>illa</span> <span class='ocrx_word' id='word_1_173' title='bbox 921 1478 1021 1514; x_wconf 86' lang='lat' dir='ltr'>quae</span> <span class='ocrx_word' id='word_1_174' title='bbox 1043 1471 1224 1510; x_wconf 86' lang='lat' dir='ltr'>vetustas,</span> <span class='ocrx_word' id='word_1_175' title='bbox 1248 1477 1348 1514; x_wconf 86' lang='lat' dir='ltr'>quae</span> <span class='ocrx_word' id='word_1_176' title='bbox 1375 1466 1525 1509; x_wconf 87' lang='lat' dir='ltr'>Persae,</span> <span class='ocrx_word' id='word_1_177' title='bbox 1549 1478 1649 1514; x_wconf 90' lang='lat' dir='ltr'>quae</span> <span class='ocrx_word' id='word_1_178' title='bbox 1672 1478 1712 1500; x_wconf 86' lang='lat'>20</span> 
     </span>
     <span class='ocr_line' id='line_1_26' title="bbox 319 1529 1649 1582; baseline -0.002 -12"><span class='ocrx_word' id='word_1_179' title='bbox 319 1532 413 1582; x_wconf 87' lang='lat' dir='ltr'>Syri,</span> <span class='ocrx_word' id='word_1_180' title='bbox 438 1545 538 1581; x_wconf 89' lang='lat' dir='ltr'>quae</span> <span class='ocrx_word' id='word_1_181' title='bbox 568 1544 677 1581; x_wconf 86' lang='lat' dir='ltr'>reges</span> <span class='ocrx_word' id='word_1_182' title='bbox 708 1543 846 1568; x_wconf 89' lang='lat' dir='ltr'>omnes</span> <span class='ocrx_word' id='word_1_183' title='bbox 876 1529 943 1579; x_wconf 90' lang='lat' dir='ltr'>qui</span> <span class='ocrx_word' id='word_1_184' title='bbox 974 1530 1174 1579; x_wconf 85' lang='lat' dir='ltr'>Europam</span> <span class='ocrx_word' id='word_1_185' title='bbox 1202 1529 1419 1579; x_wconf 78' lang='lat' dir='ltr'>Asiamque</span> <span class='ocrx_word' id='word_1_186' title='bbox 1440 1537 1649 1568; x_wconf 90' lang='lat' dir='ltr'>tenuerunt</span> 
     </span>
     <span class='ocr_line' id='line_1_27' title="bbox 318 1593 1649 1646; baseline -0.001 -12"><span class='ocrx_word' id='word_1_187' title='bbox 318 1610 474 1646; x_wconf 87' lang='lat' dir='ltr'>semper</span> <span class='ocrx_word' id='word_1_188' title='bbox 487 1610 641 1634; x_wconf 89' lang='lat' dir='ltr'>summa</span> <span class='ocrx_word' id='word_1_189' title='bbox 654 1594 840 1644; x_wconf 84' lang='lat' dir='ltr'>religione</span> <span class='ocrx_word' id='word_1_190' title='bbox 857 1596 1072 1639; x_wconf 86' lang='lat' dir='ltr'>coluerunt,</span> <span class='ocrx_word' id='word_1_191' title='bbox 1090 1593 1317 1643; x_wconf 87' lang='lat' dir='ltr'>perverteris</span> <span class='ocrx_word' id='word_1_192' title='bbox 1334 1608 1343 1641; x_wconf 75' lang='lat'>3</span> <span class='ocrx_word' id='word_1_193' title='bbox 1364 1607 1464 1643; x_wconf 89' lang='lat' dir='ltr'>quae</span> <span class='ocrx_word' id='word_1_194' title='bbox 1478 1594 1649 1645; x_wconf 87' lang='lat' dir='ltr'>denique</span> 
     </span>
     <span class='ocr_line' id='line_1_28' title="bbox 319 1659 1648 1705; baseline -0.001 -7"><span class='ocrx_word' id='word_1_195' title='bbox 319 1661 439 1699; x_wconf 87' lang='lat' dir='ltr'>nostri</span> <span class='ocrx_word' id='word_1_196' title='bbox 462 1660 627 1698; x_wconf 86' lang='lat' dir='ltr'>maiores</span> <span class='ocrx_word' id='word_1_197' title='bbox 649 1668 727 1698; x_wconf 89' lang='lat' dir='ltr'>tam</span> <span class='ocrx_word' id='word_1_198' title='bbox 750 1667 885 1697; x_wconf 86' lang='lat' dir='ltr'>sancta</span> <span class='ocrx_word' id='word_1_199' title='bbox 905 1660 1100 1697; x_wconf 88' lang='lat' dir='ltr'>duxerunt</span> <span class='ocrx_word' id='word_1_200' title='bbox 1122 1666 1174 1705; x_wconf 89' lang='lat' dir='ltr'>ut,</span> <span class='ocrx_word' id='word_1_201' title='bbox 1197 1672 1287 1695; x_wconf 92' lang='lat' dir='ltr'>cum</span> <span class='ocrx_word' id='word_1_202' title='bbox 1310 1659 1489 1696; x_wconf 88' lang='lat' dir='ltr'>refertam</span> <span class='ocrx_word' id='word_1_203' title='bbox 1511 1659 1648 1698; x_wconf 86' lang='lat' dir='ltr'>urbem</span> 
     </span>
     <span class='ocr_line' id='line_1_29' title="bbox 318 1722 1648 1774; baseline -0.002 -10"><span class='ocrx_word' id='word_1_204' title='bbox 318 1734 437 1774; x_wconf 84' lang='lat' dir='ltr'>atque</span> <span class='ocrx_word' id='word_1_205' title='bbox 460 1725 612 1763; x_wconf 90' lang='lat' dir='ltr'>Italiam</span> <span class='ocrx_word' id='word_1_206' title='bbox 631 1726 810 1762; x_wconf 88' lang='lat' dir='ltr'>fanorum</span> <span class='ocrx_word' id='word_1_207' title='bbox 832 1724 1078 1770; x_wconf 87' lang='lat' dir='ltr'>haberemus,</span> <span class='ocrx_word' id='word_1_208' title='bbox 1099 1731 1229 1761; x_wconf 87' lang='lat' dir='ltr'>tamen</span> <span class='ocrx_word' id='word_1_209' title='bbox 1253 1722 1373 1760; x_wconf 87' lang='lat' dir='ltr'>nostri</span> <span class='ocrx_word' id='word_1_210' title='bbox 1396 1722 1648 1773; x_wconf 87' lang='lat' dir='ltr'>imperatores</span> 
     </span>
     <span class='ocr_line' id='line_1_30' title="bbox 319 1788 1708 1840; baseline -0.001 -12"><span class='ocrx_word' id='word_1_211' title='bbox 319 1790 497 1828; x_wconf 88' lang='lat' dir='ltr'>maximis</span> <span class='ocrx_word' id='word_1_212' title='bbox 528 1798 566 1828; x_wconf 91' lang='lat' dir='ltr'>et</span> <span class='ocrx_word' id='word_1_213' title='bbox 593 1788 931 1840; x_wconf 87' lang='lat' dir='ltr'>periculosissimis</span> <span class='ocrx_word' id='word_1_214' title='bbox 959 1788 1072 1826; x_wconf 88' lang='lat' dir='ltr'>bellis</span> <span class='ocrx_word' id='word_1_215' title='bbox 1102 1788 1193 1825; x_wconf 88' lang='lat' dir='ltr'>huic</span> <span class='ocrx_word' id='word_1_216' title='bbox 1221 1789 1318 1826; x_wconf 85' lang='lat' dir='ltr'>deae</span> <span class='ocrx_word' id='word_1_217' title='bbox 1344 1795 1435 1826; x_wconf 89' lang='lat' dir='ltr'>vota</span> <span class='ocrx_word' id='word_1_218' title='bbox 1463 1789 1645 1836; x_wconf 83' lang='lat' dir='ltr'>facerent,</span> <span class='ocrx_word' id='word_1_219' title='bbox 1669 1804 1708 1836; x_wconf 87' lang='lat'>²5</span> 
     </span>
     <span class='ocr_line' id='line_1_31' title="bbox 319 1852 1647 1904; baseline -0.001 -11"><span class='ocrx_word' id='word_1_220' title='bbox 319 1869 443 1904; x_wconf 89' lang='lat' dir='ltr'>eaque</span> <span class='ocrx_word' id='word_1_221' title='bbox 465 1855 502 1892; x_wconf 90' lang='lat' dir='ltr'>in</span> <span class='ocrx_word' id='word_1_222' title='bbox 526 1855 611 1904; x_wconf 91' lang='lat' dir='ltr'>ipso</span> <span class='ocrx_word' id='word_1_223' title='bbox 633 1854 865 1892; x_wconf 83' lang='lat' dir='ltr'>Pessinunte</span> <span class='ocrx_word' id='word_1_224' title='bbox 892 1855 942 1892; x_wconf 87' lang='lat' dir='ltr'>ad</span> <span class='ocrx_word' id='word_1_225' title='bbox 971 1854 1075 1891; x_wconf 85' lang='lat' dir='ltr'>illam</span> <span class='ocrx_word' id='word_1_226' title='bbox 1098 1854 1220 1903; x_wconf 85' lang='lat' dir='ltr'>ipsam</span> <span class='ocrx_word' id='word_1_227' title='bbox 1244 1852 1460 1903; x_wconf 89' lang='lat' dir='ltr'>principem</span> <span class='ocrx_word' id='word_1_228' title='bbox 1481 1867 1586 1891; x_wconf 86' lang='lat' dir='ltr'>aram</span> <span class='ocrx_word' id='word_1_229' title='bbox 1609 1862 1647 1892; x_wconf 90' lang='lat' dir='ltr'>et</span> 
     </span>
     <span class='ocr_line' id='line_1_32' title="bbox 320 1918 1646 1969; baseline -0.001 -12"><span class='ocrx_word' id='word_1_230' title='bbox 320 1920 358 1957; x_wconf 95' lang='lat' dir='ltr'>in</span> <span class='ocrx_word' id='word_1_231' title='bbox 394 1920 461 1958; x_wconf 87' lang='lat' dir='ltr'>illo</span> <span class='ocrx_word' id='word_1_232' title='bbox 492 1922 581 1958; x_wconf 91' lang='lat' dir='ltr'>loco</span> <span class='ocrx_word' id='word_1_233' title='bbox 611 1921 781 1969; x_wconf 86' lang='lat' dir='ltr'>sanoque</span> <span class='ocrx_word' id='word_1_234' title='bbox 813 1921 1089 1969; x_wconf 84' lang='lat' dir='ltr'>persolverent.</span> <span class='ocrx_word' id='word_1_235' title='bbox 1161 1919 1281 1967; x_wconf 85' lang='lat' dir='ltr'>Quod</span> <span class='ocrx_word' id='word_1_236' title='bbox 1313 1932 1402 1956; x_wconf 90' lang='lat' dir='ltr'>cum</span> <span class='ocrx_word' id='word_1_237' title='bbox 1438 1918 1646 1956; x_wconf 87' lang='lat' dir='ltr'>Deiotarus</span> 
     </span>
     <span class='ocr_line' id='line_1_33' title="bbox 319 1983 1646 2034; baseline -0.001 -11"><span class='ocrx_word' id='word_1_238' title='bbox 319 1985 504 2034; x_wconf 83' lang='lat' dir='ltr'>religione</span> <span class='ocrx_word' id='word_1_239' title='bbox 534 1998 604 2023; x_wconf 84' lang='lat' dir='ltr'>sua</span> <span class='ocrx_word' id='word_1_240' title='bbox 630 1984 845 2023; x_wconf 88' lang='lat' dir='ltr'>castissime</span> <span class='ocrx_word' id='word_1_241' title='bbox 873 1992 1055 2029; x_wconf 88' lang='lat' dir='ltr'>tueretur,</span> <span class='ocrx_word' id='word_1_242' title='bbox 1081 1997 1199 2033; x_wconf 89' lang='lat' dir='ltr'>quern</span> <span class='ocrx_word' id='word_1_243' title='bbox 1231 1997 1353 2021; x_wconf 90' lang='lat' dir='ltr'>unum</span> <span class='ocrx_word' id='word_1_244' title='bbox 1385 1983 1577 2021; x_wconf 80' lang='lat' dir='ltr'>habemus</span> <span class='ocrx_word' id='word_1_245' title='bbox 1606 1984 1646 2022; x_wconf 90' lang='lat' dir='ltr'>in</span> 
     </span>
     <span class='ocr_line' id='line_1_34' title="bbox 318 2048 1644 2098; baseline -0.001 -10"><span class='ocrx_word' id='word_1_246' title='bbox 318 2051 414 2088; x_wconf 90' lang='lat' dir='ltr'>orbe</span> <span class='ocrx_word' id='word_1_247' title='bbox 430 2057 615 2088; x_wconf 85' lang='lat' dir='ltr'>terrarum</span> <span class='ocrx_word' id='word_1_248' title='bbox 631 2050 900 2088; x_wconf 88' lang='lat' dir='ltr'>fidelissimum</span> <span class='ocrx_word' id='word_1_249' title='bbox 916 2049 1007 2087; x_wconf 89' lang='lat' dir='ltr'>huic</span> <span class='ocrx_word' id='word_1_250' title='bbox 1022 2049 1184 2098; x_wconf 88' lang='lat' dir='ltr'>imperio</span> <span class='ocrx_word' id='word_1_251' title='bbox 1198 2057 1316 2098; x_wconf 87' lang='lat' dir='ltr'>atque</span> <span class='ocrx_word' id='word_1_252' title='bbox 1331 2048 1644 2087; x_wconf 88' lang='lat' dir='ltr'>amantissimum</span> 
     </span>
     <span class='ocr_line' id='line_1_35' title="bbox 318 2112 1706 2164; baseline -0.002 -12"><span class='ocrx_word' id='word_1_253' title='bbox 318 2114 438 2153; x_wconf 91' lang='lat' dir='ltr'>nostri</span> <span class='ocrx_word' id='word_1_254' title='bbox 469 2114 651 2161; x_wconf 91' lang='lat' dir='ltr'>nominis,</span> <span class='ocrx_word' id='word_1_255' title='bbox 683 2114 896 2164; x_wconf 86' lang='lat' dir='ltr'>Brogitaro,</span> <span class='ocrx_word' id='word_1_256' title='bbox 928 2121 968 2151; x_wconf 90' lang='lat' dir='ltr'>ut</span> <span class='ocrx_word' id='word_1_257' title='bbox 1002 2122 1093 2151; x_wconf 90' lang='lat' dir='ltr'>ante</span> <span class='ocrx_word' id='word_1_258' title='bbox 1123 2112 1212 2160; x_wconf 90' lang='lat' dir='ltr'>dixi,</span> <span class='ocrx_word' id='word_1_259' title='bbox 1244 2112 1447 2151; x_wconf 87' lang='lat' dir='ltr'>addictum</span> <span class='ocrx_word' id='word_1_260' title='bbox 1478 2113 1645 2162; x_wconf 88' lang='lat' dir='ltr'>pecunia</span> <span class='ocrx_word' id='word_1_261' title='bbox 1666 2127 1706 2157; x_wconf 84' lang='lat'>30</span> 
     </span>
     <span class='ocr_line' id='line_1_36' title="bbox 317 2177 1643 2228; baseline -0.002 -11"><span class='ocrx_word' id='word_1_262' title='bbox 317 2179 522 2218; x_wconf 87' lang='lat' dir='ltr'>tradidisti.</span> <span class='ocrx_word' id='word_1_263' title='bbox 582 2181 714 2228; x_wconf 84' lang='lat' dir='ltr'>Atque</span> <span class='ocrx_word' id='word_1_264' title='bbox 749 2180 854 2216; x_wconf 87' lang='lat' dir='ltr'>hunc</span> <span class='ocrx_word' id='word_1_265' title='bbox 884 2186 1017 2216; x_wconf 90' lang='lat' dir='ltr'>tamen</span> <span class='ocrx_word' id='word_1_266' title='bbox 1049 2177 1278 2216; x_wconf 89' lang='lat' dir='ltr'>Deiotarum</span> <span class='ocrx_word' id='word_1_267' title='bbox 1310 2191 1426 2227; x_wconf 86' lang='lat' dir='ltr'>saepe</span> <span class='ocrx_word' id='word_1_268' title='bbox 1455 2191 1477 2215; x_wconf 89' lang='lat' dir='ltr'>a</span> <span class='ocrx_word' id='word_1_269' title='bbox 1507 2185 1643 2216; x_wconf 85' lang='lat' dir='ltr'>senatu</span> 
     </span>
     <span class='ocr_line' id='line_1_37' title="bbox 317 2242 1643 2293; baseline -0.002 -11"><span class='ocrx_word' id='word_1_270' title='bbox 317 2244 434 2293; x_wconf 85' lang='lat' dir='ltr'>regali</span> <span class='ocrx_word' id='word_1_271' title='bbox 465 2243 626 2281; x_wconf 90' lang='lat' dir='ltr'>nomine</span> <span class='ocrx_word' id='word_1_272' title='bbox 654 2243 817 2292; x_wconf 85' lang='lat' dir='ltr'>dignum</span> <span class='ocrx_word' id='word_1_273' title='bbox 847 2242 1122 2289; x_wconf 86' lang='lat' dir='ltr'>existimatum,</span> <span class='ocrx_word' id='word_1_274' title='bbox 1150 2242 1451 2280; x_wconf 88' lang='lat' dir='ltr'>clarissimorum</span> <span class='ocrx_word' id='word_1_275' title='bbox 1484 2243 1643 2292; x_wconf 90' lang='lat' dir='ltr'>impera-</span> 
     </span>
    </p>
   </div>
   <div class='ocr_carea' id='block_1_8' title="bbox 316 2345 1645 2429">
    <p class='ocr_par' dir='ltr' id='par_1_8' title="bbox 316 2345 1645 2429">
     <span class='ocr_line' id='line_1_38' title="bbox 360 2345 1645 2386; baseline -0.002 -8"><span class='ocrx_word' id='word_1_276' title='bbox 360 2360 378 2386; x_wconf 79' lang='lat'>4</span> <span class='ocrx_word' id='word_1_277' title='bbox 404 2349 444 2378; x_wconf 81' lang='lat' dir='ltr'>ab</span> <span class='ocrx_word' id='word_1_278' title='bbox 462 2358 526 2378; x_wconf 83' lang='lat' dir='ltr'>om.</span> <span class='ocrx_word' id='word_1_279' title='bbox 547 2346 635 2377; x_wconf 78' lang='lat' dir='ltr'><em>codd.</em></span> <span class='ocrx_word' id='word_1_280' title='bbox 735 2348 755 2376; x_wconf 81' lang='lat'>8</span> <span class='ocrx_word' id='word_1_281' title='bbox 780 2347 934 2376; x_wconf 78' lang='lat' dir='ltr'>sacrificii</span> <span class='ocrx_word' id='word_1_282' title='bbox 952 2346 1021 2376; x_wconf 67' lang='lat' dir='ltr'>secl.</span> <span class='ocrx_word' id='word_1_283' title='bbox 1034 2346 1168 2376; x_wconf 73' lang='lat' dir='ltr'>Ernesti</span> <span class='ocrx_word' id='word_1_284' title='bbox 1181 2350 1208 2376; x_wconf 78' lang='lat' dir='ltr'>et</span> <span class='ocrx_word' id='word_1_285' title='bbox 1225 2346 1279 2377; x_wconf 79' lang='lat' dir='ltr'>all.</span> <span class='ocrx_word' id='word_1_286' title='bbox 1373 2346 1512 2376; x_wconf 87' lang='lat' dir='ltr'>mirifica</span> <span class='ocrx_word' id='word_1_287' title='bbox 1528 2345 1645 2376; x_wconf 78' lang='lat' dir='ltr'><em>PEHt</em></span> 
     </span>
     <span class='ocr_line' id='line_1_39' title="bbox 316 2388 1465 2429; baseline -0.003 -7"><span class='ocrx_word' id='word_1_288' title='bbox 316 2396 344 2422; x_wconf 82' lang='lat' dir='ltr'>et</span> <span class='ocrx_word' id='word_1_289' title='bbox 359 2402 438 2422; x_wconf 68' lang='lat' dir='ltr'>corr.</span> <span class='ocrx_word' id='word_1_290' title='bbox 460 2392 477 2420; x_wconf 81' lang='lat' dir='ltr'>l)</span> <span class='ocrx_word' id='word_1_291' title='bbox 493 2403 498 2420; x_wconf 90' lang='lat'>:</span> <span class='ocrx_word' id='word_1_292' title='bbox 525 2396 582 2420; x_wconf 85' lang='lat' dir='ltr'>tua</span> <span class='ocrx_word' id='word_1_293' title='bbox 598 2399 695 2420; x_wconf 85' lang='lat' dir='ltr'>soror</span> <span class='ocrx_word' id='word_1_294' title='bbox 711 2389 850 2419; x_wconf 84' lang='lat' dir='ltr'>mirifica</span> <span class='ocrx_word' id='word_1_295' title='bbox 868 2389 905 2418; x_wconf 90' lang='lat' dir='ltr'><em>H</em></span> <span class='ocrx_word' id='word_1_296' title='bbox 922 2389 967 2418; x_wconf 63' lang='lat' dir='ltr'>cd,</span> <span class='ocrx_word' id='word_1_297' title='bbox 986 2388 1028 2418; x_wconf 80' lang='lat' dir='ltr'>R.</span> <span class='ocrx_word' id='word_1_298' title='bbox 1052 2390 1087 2429; x_wconf 76' lang='lat' dir='ltr'>(t.</span> <span class='ocrx_word' id='word_1_299' title='bbox 1102 2399 1127 2420; x_wconf 87' lang='lat' dir='ltr'>s.</span> <span class='ocrx_word' id='word_1_300' title='bbox 1150 2389 1287 2419; x_wconf 83' lang='lat' dir='ltr'>mirifice</span> <span class='ocrx_word' id='word_1_301' title='bbox 1304 2389 1324 2418; x_wconf 82' lang='lat' dir='ltr'><em>k</em></span> <span class='ocrx_word' id='word_1_302' title='bbox 1340 2389 1387 2420; x_wconf 80' lang='lat' dir='ltr'>ecl.</span> <span class='ocrx_word' id='word_1_303' title='bbox 1410 2389 1465 2428; x_wconf 84' lang='lat' dir='ltr'>V.)</span> 
     </span>
    </p>
   </div>
  </div>
 </body>
</html>
