<?xml version="1.0" encoding="UTF-8"?>
<!DOCTYPE html PUBLIC "-//W3C//DTD XHTML 1.0 Transitional//EN"
    "http://www.w3.org/TR/xhtml1/DTD/xhtml1-transitional.dtd">
<html xmlns="http://www.w3.org/1999/xhtml" xml:lang="en" lang="en">
 <head>
  <title>
</title>
<meta http-equiv="Content-Type" content="text/html;charset=utf-8" />
  <meta name='ocr-system' content='tesseract 3.04.00' />
  <meta name='ocr-capabilities' content='ocr_page ocr_carea ocr_par ocr_line ocrx_word'/>
</head>
<body>
  <div class='ocr_page' id='page_1' title='image "./orationesrecogno05ciceuoft/orationesrecogno05ciceuoft_0120.png"; bbox 0 0 1774 2782; ppageno 0'>
   <div class='ocr_carea' id='block_1_1' title="bbox 303 129 1306 179">
    <p class='ocr_par' dir='ltr' id='par_1_1' title="bbox 303 129 1306 179">
     <span class='ocr_line' id='line_1_1' title="bbox 303 129 1306 179; baseline -0.003 -11"><span class='ocrx_word' id='word_1_1' title='bbox 303 141 325 179; x_wconf 91' lang='lat'>7</span> <span class='ocrx_word' id='word_1_2' title='bbox 350 148 385 178; x_wconf 86' lang='lat'>¹4</span> <span class='ocrx_word' id='word_1_3' title='bbox 714 132 770 167; x_wconf 87' lang='lat' dir='ltr'>M.</span> <span class='ocrx_word' id='word_1_4' title='bbox 802 132 967 167; x_wconf 81' lang='lat' dir='ltr'>TVLLI</span> <span class='ocrx_word' id='word_1_5' title='bbox 1002 129 1306 168; x_wconf 79' lang='lat' dir='ltr'>CICERONIS</span> 
     </span>
    </p>
   </div>
   <div class='ocr_carea' id='block_1_2' title="bbox 284 237 1730 2098">
    <p class='ocr_par' dir='ltr' id='par_1_2' title="bbox 342 237 1670 482">
     <span class='ocr_line' id='line_1_2' title="bbox 344 237 1666 288; baseline -0.002 -11"><span class='ocrx_word' id='word_1_6' title='bbox 344 247 508 278; x_wconf 88' lang='lat' dir='ltr'>cunctae</span> <span class='ocrx_word' id='word_1_7' title='bbox 529 239 610 277; x_wconf 87' lang='lat' dir='ltr'>iure</span> <span class='ocrx_word' id='word_1_8' title='bbox 631 239 793 288; x_wconf 80' lang='lat' dir='ltr'>optimo,</span> <span class='ocrx_word' id='word_1_9' title='bbox 813 240 881 277; x_wconf 87' lang='lat' dir='ltr'>sed</span> <span class='ocrx_word' id='word_1_10' title='bbox 898 247 1029 276; x_wconf 85' lang='lat' dir='ltr'>tamen</span> <span class='ocrx_word' id='word_1_11' title='bbox 1048 238 1128 276; x_wconf 90' lang='lat' dir='ltr'>iure</span> <span class='ocrx_word' id='word_1_12' title='bbox 1144 238 1304 288; x_wconf 79' lang='lat' dir='ltr'>privato,</span> <span class='ocrx_word' id='word_1_13' title='bbox 1322 239 1401 275; x_wconf 89' lang='lat' dir='ltr'>iure</span> <span class='ocrx_word' id='word_1_14' title='bbox 1423 237 1666 283; x_wconf 81' lang='lat' dir='ltr'>hereditario,</span> 
     </span>
     <span class='ocr_line' id='line_1_3' title="bbox 345 303 1668 352; baseline -0.001 -12"><span class='ocrx_word' id='word_1_15' title='bbox 345 304 424 341; x_wconf 88' lang='lat' dir='ltr'>iure</span> <span class='ocrx_word' id='word_1_16' title='bbox 454 303 703 350; x_wconf 75' lang='lat' dir='ltr'>auctoritatis,</span> <span class='ocrx_word' id='word_1_17' title='bbox 731 304 812 341; x_wconf 89' lang='lat' dir='ltr'>iure</span> <span class='ocrx_word' id='word_1_18' title='bbox 842 303 1023 352; x_wconf 77' lang='lat' dir='ltr'>mancipi,</span> <span class='ocrx_word' id='word_1_19' title='bbox 1047 303 1128 341; x_wconf 87' lang='lat' dir='ltr'>iure</span> <span class='ocrx_word' id='word_1_20' title='bbox 1158 304 1268 340; x_wconf 75' lang='lat' dir='ltr'>nexi:</span> <span class='ocrx_word' id='word_1_21' title='bbox 1305 316 1406 352; x_wconf 85' lang='lat' dir='ltr'>nego</span> <span class='ocrx_word' id='word_1_22' title='bbox 1436 316 1520 340; x_wconf 81' lang='lat' dir='ltr'>esse</span> <span class='ocrx_word' id='word_1_23' title='bbox 1550 303 1668 339; x_wconf 85' lang='lat' dir='ltr'>ullam</span> 
     </span>
     <span class='ocr_line' id='line_1_4' title="bbox 343 366 1668 417; baseline -0.001 -12"><span class='ocrx_word' id='word_1_24' title='bbox 343 370 506 406; x_wconf 88' lang='lat' dir='ltr'>domum</span> <span class='ocrx_word' id='word_1_25' title='bbox 528 368 641 405; x_wconf 82' lang='lat' dir='ltr'>aliam</span> <span class='ocrx_word' id='word_1_26' title='bbox 664 367 813 417; x_wconf 83' lang='lat' dir='ltr'>privato</span> <span class='ocrx_word' id='word_1_27' title='bbox 835 369 976 406; x_wconf 87' lang='lat' dir='ltr'>eodem</span> <span class='ocrx_word' id='word_1_28' title='bbox 999 380 1078 417; x_wconf 83' lang='lat' dir='ltr'>quo</span> <span class='ocrx_word' id='word_1_29' title='bbox 1099 381 1200 417; x_wconf 84' lang='lat' dir='ltr'>quae</span> <span class='ocrx_word' id='word_1_30' title='bbox 1221 367 1370 417; x_wconf 85' lang='lat' dir='ltr'>optima</span> <span class='ocrx_word' id='word_1_31' title='bbox 1391 369 1484 416; x_wconf 82' lang='lat' dir='ltr'>lege,</span> <span class='ocrx_word' id='word_1_32' title='bbox 1508 366 1668 416; x_wconf 86' lang='lat' dir='ltr'>publico</span> 
     </span>
     <span class='ocr_line' id='line_1_5' title="bbox 342 431 1670 482; baseline -0.001 -13"><span class='ocrx_word' id='word_1_33' title='bbox 342 446 433 470; x_wconf 74' lang='lat' dir='ltr'>vero</span> <span class='ocrx_word' id='word_1_34' title='bbox 463 432 570 470; x_wconf 92' lang='lat' dir='ltr'>omni</span> <span class='ocrx_word' id='word_1_35' title='bbox 601 432 812 482; x_wconf 82' lang='lat' dir='ltr'>praecipuo</span> <span class='ocrx_word' id='word_1_36' title='bbox 841 439 879 470; x_wconf 89' lang='lat' dir='ltr'>et</span> <span class='ocrx_word' id='word_1_37' title='bbox 908 433 1082 470; x_wconf 80' lang='lat' dir='ltr'>humano</span> <span class='ocrx_word' id='word_1_38' title='bbox 1112 440 1149 470; x_wconf 84' lang='lat' dir='ltr'>et</span> <span class='ocrx_word' id='word_1_39' title='bbox 1179 431 1313 470; x_wconf 80' lang='lat' dir='ltr'>divino</span> <span class='ocrx_word' id='word_1_40' title='bbox 1344 431 1424 470; x_wconf 90' lang='lat' dir='ltr'>iure</span> <span class='ocrx_word' id='word_1_41' title='bbox 1454 432 1670 479; x_wconf 80' lang='lat' dir='ltr'>munitam3</span> 
     </span>
    </p>

    <p class='ocr_par' dir='ltr' id='par_1_3' title="bbox 285 495 1707 610">
     <span class='ocr_line' id='line_1_6' title="bbox 285 495 1707 548; baseline -0.001 -14"><span class='ocrx_word' id='word_1_42' title='bbox 285 515 322 546; x_wconf 77' lang='lat'>15</span> <span class='ocrx_word' id='word_1_43' title='bbox 344 510 444 547; x_wconf 85' lang='lat' dir='ltr'>quae</span> <span class='ocrx_word' id='word_1_44' title='bbox 466 497 635 548; x_wconf 88' lang='lat' dir='ltr'>primum</span> <span class='ocrx_word' id='word_1_45' title='bbox 656 497 884 536; x_wconf 80' lang='lat' dir='ltr'>aedificatur</span> <span class='ocrx_word' id='word_1_46' title='bbox 911 512 956 535; x_wconf 76' lang='lat' dir='ltr'>ex</span> <span class='ocrx_word' id='word_1_47' title='bbox 984 497 1214 535; x_wconf 84' lang='lat' dir='ltr'>auctoritate</span> <span class='ocrx_word' id='word_1_48' title='bbox 1235 504 1393 534; x_wconf 81' lang='lat' dir='ltr'>senatus</span> <span class='ocrx_word' id='word_1_49' title='bbox 1415 495 1581 545; x_wconf 86' lang='lat' dir='ltr'>pecunia</span> <span class='ocrx_word' id='word_1_50' title='bbox 1602 509 1668 545; x_wconf 89' lang='lat' dir='ltr'>pu·</span> <span class='ocrx_word' id='word_1_51' title='bbox 1689 511 1707 541; x_wconf 85' lang='lat'>5</span> 
     </span>
     <span class='ocr_line' id='line_1_7' title="bbox 344 560 1669 610; baseline -0.001 -12"><span class='ocrx_word' id='word_1_52' title='bbox 344 562 455 609; x_wconf 86' lang='lat' dir='ltr'>blica,</span> <span class='ocrx_word' id='word_1_53' title='bbox 475 562 620 601; x_wconf 90' lang='lat' dir='ltr'>deinde</span> <span class='ocrx_word' id='word_1_54' title='bbox 640 570 776 600; x_wconf 87' lang='lat' dir='ltr'>contra</span> <span class='ocrx_word' id='word_1_55' title='bbox 789 562 866 599; x_wconf 81' lang='lat' dir='ltr'>vim</span> <span class='ocrx_word' id='word_1_56' title='bbox 884 561 1069 600; x_wconf 76' lang='lat' dir='ltr'>nefariam</span> <span class='ocrx_word' id='word_1_57' title='bbox 1090 561 1205 599; x_wconf 85' lang='lat' dir='ltr'>huius</span> <span class='ocrx_word' id='word_1_58' title='bbox 1225 560 1448 610; x_wconf 82' lang='lat' dir='ltr'>gladiatoris</span> <span class='ocrx_word' id='word_1_59' title='bbox 1468 568 1525 598; x_wconf 90' lang='lat' dir='ltr'>tot</span> <span class='ocrx_word' id='word_1_60' title='bbox 1546 561 1669 598; x_wconf 87' lang='lat' dir='ltr'>senati</span> 
     </span>
    </p>

    <p class='ocr_par' dir='ltr' id='par_1_4' title="bbox 298 624 1729 1261">
     <span class='ocr_line' id='line_1_8' title="bbox 298 624 1667 676; baseline -0.001 -13"><span class='ocrx_word' id='word_1_61' title='bbox 298 626 322 662; x_wconf 90' lang='lat'>8</span> <span class='ocrx_word' id='word_1_62' title='bbox 344 627 532 665; x_wconf 87' lang='lat' dir='ltr'>consultis</span> <span class='ocrx_word' id='word_1_63' title='bbox 554 627 703 665; x_wconf 86' lang='lat' dir='ltr'>munita</span> <span class='ocrx_word' id='word_1_64' title='bbox 718 635 837 676; x_wconf 83' lang='lat' dir='ltr'>atque</span> <span class='ocrx_word' id='word_1_65' title='bbox 857 634 990 676; x_wconf 83' lang='lat' dir='ltr'>saepta</span> <span class='ocrx_word' id='word_1_66' title='bbox 1011 634 1079 664; x_wconf 88' lang='lat' dir='ltr'>est.</span> <span class='ocrx_word' id='word_1_67' title='bbox 1131 627 1303 663; x_wconf 84' lang='lat' dir='ltr'>Primum</span> <span class='ocrx_word' id='word_1_68' title='bbox 1321 624 1522 675; x_wconf 77' lang='lat' dir='ltr'>negotium</span> <span class='ocrx_word' id='word_1_69' title='bbox 1544 624 1667 664; x_wconf 84' lang='lat' dir='ltr'>isdem</span> 
     </span>
     <span class='ocr_line' id='line_1_9' title="bbox 345 690 1670 741; baseline 0 -12"><span class='ocrx_word' id='word_1_70' title='bbox 345 692 631 741; x_wconf 81' lang='lat' dir='ltr'>magistratibus</span> <span class='ocrx_word' id='word_1_71' title='bbox 659 700 717 730; x_wconf 86' lang='lat' dir='ltr'>est</span> <span class='ocrx_word' id='word_1_72' title='bbox 747 693 881 730; x_wconf 84' lang='lat' dir='ltr'>datum</span> <span class='ocrx_word' id='word_1_73' title='bbox 903 705 1010 729; x_wconf 89' lang='lat' dir='ltr'>anno</span> <span class='ocrx_word' id='word_1_74' title='bbox 1030 690 1238 740; x_wconf 80' lang='lat' dir='ltr'><strong>superiore,</strong></span> <span class='ocrx_word' id='word_1_75' title='bbox 1262 698 1303 728; x_wconf 90' lang='lat' dir='ltr'>ut</span> <span class='ocrx_word' id='word_1_76' title='bbox 1323 698 1502 728; x_wconf 89' lang='lat' dir='ltr'>curarent</span> <span class='ocrx_word' id='word_1_77' title='bbox 1524 697 1565 728; x_wconf 86' lang='lat' dir='ltr'>ut</span> <span class='ocrx_word' id='word_1_78' title='bbox 1586 690 1670 729; x_wconf 86' lang='lat' dir='ltr'>sine</span> 
     </span>
     <span class='ocr_line' id='line_1_10' title="bbox 343 754 1669 805; baseline -0.002 -11"><span class='ocrx_word' id='word_1_79' title='bbox 343 756 378 794; x_wconf 74' lang='lat' dir='ltr'>vi</span> <span class='ocrx_word' id='word_1_80' title='bbox 408 759 615 795; x_wconf 81' lang='lat' dir='ltr'>aedificare</span> <span class='ocrx_word' id='word_1_81' title='bbox 644 756 739 795; x_wconf 81' lang='lat' dir='ltr'>mihi</span> <span class='ocrx_word' id='word_1_82' title='bbox 769 756 911 803; x_wconf 87' lang='lat' dir='ltr'>liceret,</span> <span class='ocrx_word' id='word_1_83' title='bbox 935 756 1078 805; x_wconf 87' lang='lat' dir='ltr'>quibus</span> <span class='ocrx_word' id='word_1_84' title='bbox 1108 755 1147 792; x_wconf 88' lang='lat' dir='ltr'>in</span> <span class='ocrx_word' id='word_1_85' title='bbox 1177 754 1356 793; x_wconf 71' lang='lat' dir='ltr'>maximis</span> <span class='ocrx_word' id='word_1_86' title='bbox 1386 754 1568 804; x_wconf 89' lang='lat' dir='ltr'>periculis</span> <span class='ocrx_word' id='word_1_87' title='bbox 1588 755 1669 792; x_wconf 89' lang='lat' dir='ltr'>uni-</span> 
     </span>
     <span class='ocr_line' id='line_1_11' title="bbox 343 819 1729 871; baseline -0.003 -12"><span class='ocrx_word' id='word_1_88' title='bbox 343 835 451 859; x_wconf 77' lang='lat' dir='ltr'>versa</span> <span class='ocrx_word' id='word_1_89' title='bbox 478 836 537 859; x_wconf 83' lang='lat' dir='ltr'>res</span> <span class='ocrx_word' id='word_1_90' title='bbox 564 822 721 871; x_wconf 88' lang='lat' dir='ltr'>publica</span> <span class='ocrx_word' id='word_1_91' title='bbox 743 822 1010 859; x_wconf 85' lang='lat' dir='ltr'>commendari</span> <span class='ocrx_word' id='word_1_92' title='bbox 1034 822 1156 868; x_wconf 78' lang='lat' dir='ltr'>solet3</span> <span class='ocrx_word' id='word_1_93' title='bbox 1187 821 1344 867; x_wconf 87' lang='lat' dir='ltr'>deinde,</span> <span class='ocrx_word' id='word_1_94' title='bbox 1366 833 1457 857; x_wconf 89' lang='lat' dir='ltr'>cum</span> <span class='ocrx_word' id='word_1_95' title='bbox 1482 819 1546 857; x_wconf 90' lang='lat' dir='ltr'>ille</span> <span class='ocrx_word' id='word_1_96' title='bbox 1570 819 1669 858; x_wconf 82' lang='lat' dir='ltr'>saxis</span> <span class='ocrx_word' id='word_1_97' title='bbox 1692 833 1729 855; x_wconf 94' lang='lat'>10</span> 
     </span>
     <span class='ocr_line' id='line_1_12' title="bbox 343 884 1670 936; baseline -0.001 -12"><span class='ocrx_word' id='word_1_98' title='bbox 343 894 379 924; x_wconf 89' lang='lat' dir='ltr'>et</span> <span class='ocrx_word' id='word_1_99' title='bbox 410 886 565 936; x_wconf 78' lang='lat' dir='ltr'>ignibus</span> <span class='ocrx_word' id='word_1_100' title='bbox 596 895 633 925; x_wconf 89' lang='lat' dir='ltr'>et</span> <span class='ocrx_word' id='word_1_101' title='bbox 666 889 766 925; x_wconf 85' lang='lat' dir='ltr'>ferro</span> <span class='ocrx_word' id='word_1_102' title='bbox 797 886 1017 924; x_wconf 86' lang='lat' dir='ltr'>vastitatem</span> <span class='ocrx_word' id='word_1_103' title='bbox 1047 885 1144 924; x_wconf 86' lang='lat' dir='ltr'>meis</span> <span class='ocrx_word' id='word_1_104' title='bbox 1174 885 1336 924; x_wconf 86' lang='lat' dir='ltr'>sedibus</span> <span class='ocrx_word' id='word_1_105' title='bbox 1370 884 1574 932; x_wconf 79' lang='lat' dir='ltr'>intulisset,</span> <span class='ocrx_word' id='word_1_106' title='bbox 1606 886 1670 923; x_wconf 91' lang='lat' dir='ltr'>de-</span> 
     </span>
     <span class='ocr_line' id='line_1_13' title="bbox 342 949 1669 1001; baseline 0 -13"><span class='ocrx_word' id='word_1_107' title='bbox 342 950 461 989; x_wconf 82' lang='lat' dir='ltr'>crevit</span> <span class='ocrx_word' id='word_1_108' title='bbox 483 960 641 990; x_wconf 83' lang='lat' dir='ltr'>senatus</span> <span class='ocrx_word' id='word_1_109' title='bbox 662 965 730 989; x_wconf 83' lang='lat' dir='ltr'>eos</span> <span class='ocrx_word' id='word_1_110' title='bbox 751 952 816 1001; x_wconf 81' lang='lat' dir='ltr'>qui</span> <span class='ocrx_word' id='word_1_111' title='bbox 839 951 878 990; x_wconf 89' lang='lat' dir='ltr'>id</span> <span class='ocrx_word' id='word_1_112' title='bbox 900 952 1082 990; x_wconf 75' lang='lat' dir='ltr'><strong>fecissent</strong></span> <span class='ocrx_word' id='word_1_113' title='bbox 1101 952 1187 1000; x_wconf 77' lang='lat' dir='ltr'>lege</span> <span class='ocrx_word' id='word_1_114' title='bbox 1206 952 1258 989; x_wconf 81' lang='lat' dir='ltr'>dc</span> <span class='ocrx_word' id='word_1_115' title='bbox 1275 950 1321 997; x_wconf 88' lang='lat' dir='ltr'>vi,</span> <span class='ocrx_word' id='word_1_116' title='bbox 1341 963 1442 1000; x_wconf 86' lang='lat' dir='ltr'>quae</span> <span class='ocrx_word' id='word_1_117' title='bbox 1464 957 1522 987; x_wconf 82' lang='lat' dir='ltr'>est</span> <span class='ocrx_word' id='word_1_118' title='bbox 1542 949 1582 987; x_wconf 90' lang='lat' dir='ltr'>in</span> <span class='ocrx_word' id='word_1_119' title='bbox 1602 962 1669 988; x_wconf 86' lang='lat' dir='ltr'>eos</span> 
     </span>
     <span class='ocr_line' id='line_1_14' title="bbox 342 1013 1669 1066; baseline -0.001 -13"><span class='ocrx_word' id='word_1_120' title='bbox 342 1015 408 1065; x_wconf 83' lang='lat' dir='ltr'>qui</span> <span class='ocrx_word' id='word_1_121' title='bbox 436 1016 655 1053; x_wconf 78' lang='lat' dir='ltr'>universam</span> <span class='ocrx_word' id='word_1_122' title='bbox 684 1031 763 1054; x_wconf 86' lang='lat' dir='ltr'>rem</span> <span class='ocrx_word' id='word_1_123' title='bbox 795 1015 993 1066; x_wconf 81' lang='lat' dir='ltr'>publicam</span> <span class='ocrx_word' id='word_1_124' title='bbox 1022 1023 1328 1066; x_wconf 80' lang='lat' dir='ltr'>oppugnassent,</span> <span class='ocrx_word' id='word_1_125' title='bbox 1351 1013 1486 1053; x_wconf 85' lang='lat' dir='ltr'>teneri.</span> <span class='ocrx_word' id='word_1_126' title='bbox 1545 1015 1669 1052; x_wconf 85' lang='lat' dir='ltr'>Vobis</span> 
     </span>
     <span class='ocr_line' id='line_1_15' title="bbox 341 1079 1669 1131; baseline 0 -13"><span class='ocrx_word' id='word_1_127' title='bbox 341 1094 433 1118; x_wconf 74' lang='lat' dir='ltr'>vero</span> <span class='ocrx_word' id='word_1_128' title='bbox 449 1081 714 1128; x_wconf 74' lang='lat' dir='ltr'>referentibus,</span> <span class='ocrx_word' id='word_1_129' title='bbox 730 1095 754 1119; x_wconf 94' lang='lat' dir='ltr'>o</span> <span class='ocrx_word' id='word_1_130' title='bbox 768 1089 855 1131; x_wconf 88' lang='lat' dir='ltr'>post</span> <span class='ocrx_word' id='word_1_131' title='bbox 872 1083 1075 1119; x_wconf 85' lang='lat' dir='ltr'>hominum</span> <span class='ocrx_word' id='word_1_132' title='bbox 1096 1082 1324 1119; x_wconf 81' lang='lat' dir='ltr'>memoriam</span> <span class='ocrx_word' id='word_1_133' title='bbox 1340 1079 1539 1118; x_wconf 89' lang='lat' dir='ltr'>fortissimi</span> <span class='ocrx_word' id='word_1_134' title='bbox 1551 1087 1669 1129; x_wconf 84' lang='lat' dir='ltr'>atque</span> 
     </span>
     <span class='ocr_line' id='line_1_16' title="bbox 341 1144 1727 1196; baseline -0.001 -13"><span class='ocrx_word' id='word_1_135' title='bbox 341 1145 478 1195; x_wconf 89' lang='lat' dir='ltr'>optimi</span> <span class='ocrx_word' id='word_1_136' title='bbox 503 1148 708 1185; x_wconf 79' lang='lat' dir='ltr'>consules!</span> <span class='ocrx_word' id='word_1_137' title='bbox 738 1147 910 1185; x_wconf 83' lang='lat' dir='ltr'>decrevit</span> <span class='ocrx_word' id='word_1_138' title='bbox 932 1148 1035 1185; x_wconf 88' lang='lat' dir='ltr'>idem</span> <span class='ocrx_word' id='word_1_139' title='bbox 1058 1154 1215 1184; x_wconf 86' lang='lat' dir='ltr'>senatus</span> <span class='ocrx_word' id='word_1_140' title='bbox 1240 1145 1578 1196; x_wconf 84' lang='lat' dir='ltr'>frequentissimus</span> <span class='ocrx_word' id='word_1_141' title='bbox 1602 1144 1669 1195; x_wconf 86' lang='lat' dir='ltr'>qui</span> <span class='ocrx_word' id='word_1_142' title='bbox 1690 1161 1727 1193; x_wconf 86' lang='lat'>15</span> 
     </span>
     <span class='ocr_line' id='line_1_17' title="bbox 342 1211 1666 1261; baseline 0.001 -13"><span class='ocrx_word' id='word_1_143' title='bbox 342 1225 468 1249; x_wconf 83' lang='lat' dir='ltr'>meam</span> <span class='ocrx_word' id='word_1_144' title='bbox 495 1213 658 1250; x_wconf 90' lang='lat' dir='ltr'>domum</span> <span class='ocrx_word' id='word_1_145' title='bbox 680 1213 861 1250; x_wconf 75' lang='lat' dir='ltr'>violasset</span> <span class='ocrx_word' id='word_1_146' title='bbox 882 1219 1020 1251; x_wconf 82' lang='lat' dir='ltr'>contra</span> <span class='ocrx_word' id='word_1_147' title='bbox 1033 1225 1113 1250; x_wconf 89' lang='lat' dir='ltr'>rem</span> <span class='ocrx_word' id='word_1_148' title='bbox 1137 1211 1335 1261; x_wconf 82' lang='lat' dir='ltr'>publicam</span> <span class='ocrx_word' id='word_1_149' title='bbox 1357 1225 1442 1249; x_wconf 89' lang='lat' dir='ltr'>esse</span> <span class='ocrx_word' id='word_1_150' title='bbox 1463 1212 1666 1249; x_wconf 84' lang='lat' dir='ltr'>facturum.</span> 
     </span>
    </p>

    <p class='ocr_par' dir='ltr' id='par_1_5' title="bbox 284 1277 1669 1457">
     <span class='ocr_line' id='line_1_18' title="bbox 284 1277 1669 1327; baseline 0.001 -15"><span class='ocrx_word' id='word_1_151' title='bbox 284 1282 322 1313; x_wconf 85' lang='lat'>16</span> <span class='ocrx_word' id='word_1_152' title='bbox 343 1278 457 1326; x_wconf 77' lang='lat' dir='ltr'>Nego</span> <span class='ocrx_word' id='word_1_153' title='bbox 481 1278 559 1315; x_wconf 89' lang='lat' dir='ltr'>ullo</span> <span class='ocrx_word' id='word_1_154' title='bbox 587 1279 637 1315; x_wconf 93' lang='lat' dir='ltr'>de</span> <span class='ocrx_word' id='word_1_155' title='bbox 662 1291 778 1327; x_wconf 81' lang='lat' dir='ltr'>opere</span> <span class='ocrx_word' id='word_1_156' title='bbox 807 1277 976 1327; x_wconf 88' lang='lat' dir='ltr'>publico,</span> <span class='ocrx_word' id='word_1_157' title='bbox 1000 1279 1050 1315; x_wconf 89' lang='lat' dir='ltr'>de</span> <span class='ocrx_word' id='word_1_158' title='bbox 1072 1284 1341 1323; x_wconf 89' lang='lat' dir='ltr'>monumento,</span> <span class='ocrx_word' id='word_1_159' title='bbox 1366 1278 1417 1314; x_wconf 90' lang='lat' dir='ltr'>de</span> <span class='ocrx_word' id='word_1_160' title='bbox 1436 1277 1585 1326; x_wconf 89' lang='lat' dir='ltr'>templo</span> <span class='ocrx_word' id='word_1_161' title='bbox 1611 1282 1669 1314; x_wconf 83' lang='lat' dir='ltr'>tot</span> 
     </span>
     <span class='ocr_line' id='line_1_19' title="bbox 342 1343 1668 1393; baseline 0 -14"><span class='ocrx_word' id='word_1_162' title='bbox 342 1351 499 1380; x_wconf 82' lang='lat' dir='ltr'>senatus</span> <span class='ocrx_word' id='word_1_163' title='bbox 521 1351 669 1381; x_wconf 74' lang='lat' dir='ltr'>exstare</span> <span class='ocrx_word' id='word_1_164' title='bbox 695 1345 874 1382; x_wconf 77' lang='lat' dir='ltr'>consulta</span> <span class='ocrx_word' id='word_1_165' title='bbox 899 1350 996 1393; x_wconf 84' lang='lat' dir='ltr'>quot</span> <span class='ocrx_word' id='word_1_166' title='bbox 1025 1344 1074 1381; x_wconf 88' lang='lat' dir='ltr'>de</span> <span class='ocrx_word' id='word_1_167' title='bbox 1102 1355 1189 1380; x_wconf 83' lang='lat' dir='ltr'>mea</span> <span class='ocrx_word' id='word_1_168' title='bbox 1215 1343 1347 1390; x_wconf 86' lang='lat' dir='ltr'>domo,</span> <span class='ocrx_word' id='word_1_169' title='bbox 1371 1355 1492 1392; x_wconf 86' lang='lat' dir='ltr'>quam</span> <span class='ocrx_word' id='word_1_170' title='bbox 1512 1348 1668 1380; x_wconf 84' lang='lat' dir='ltr'>senatus</span> 
     </span>
     <span class='ocr_line' id='line_1_20' title="bbox 340 1406 1666 1457; baseline -0.001 -13"><span class='ocrx_word' id='word_1_171' title='bbox 340 1421 458 1445; x_wconf 87' lang='lat' dir='ltr'>unam</span> <span class='ocrx_word' id='word_1_172' title='bbox 480 1415 568 1457; x_wconf 91' lang='lat' dir='ltr'>post</span> <span class='ocrx_word' id='word_1_173' title='bbox 589 1409 690 1446; x_wconf 88' lang='lat' dir='ltr'>hanc</span> <span class='ocrx_word' id='word_1_174' title='bbox 711 1408 847 1446; x_wconf 88' lang='lat' dir='ltr'>urbem</span> <span class='ocrx_word' id='word_1_175' title='bbox 869 1407 1119 1446; x_wconf 79' lang='lat' dir='ltr'>constitutam</span> <span class='ocrx_word' id='word_1_176' title='bbox 1137 1420 1182 1446; x_wconf 82' lang='lat' dir='ltr'>ex</span> <span class='ocrx_word' id='word_1_177' title='bbox 1200 1406 1346 1445; x_wconf 85' lang='lat' dir='ltr'>aerario</span> <span class='ocrx_word' id='word_1_178' title='bbox 1365 1407 1666 1454; x_wconf 85' lang='lat' dir='ltr'>aedificandam,</span> 
     </span>
    </p>

    <p class='ocr_par' dir='ltr' id='par_1_6' title="bbox 339 1472 1730 2098">
     <span class='ocr_line' id='line_1_21' title="bbox 340 1472 1730 1522; baseline 0.001 -13"><span class='ocrx_word' id='word_1_179' title='bbox 340 1486 363 1510; x_wconf 90' lang='lat' dir='ltr'>a</span> <span class='ocrx_word' id='word_1_180' title='bbox 388 1472 640 1521; x_wconf 83' lang='lat' dir='ltr'>pontificibus</span> <span class='ocrx_word' id='word_1_181' title='bbox 667 1473 922 1519; x_wconf 77' lang='lat' dir='ltr'>liberandam,</span> <span class='ocrx_word' id='word_1_182' title='bbox 952 1486 975 1511; x_wconf 86' lang='lat' dir='ltr'>a</span> <span class='ocrx_word' id='word_1_183' title='bbox 1000 1472 1288 1522; x_wconf 85' lang='lat' dir='ltr'>magistratibus</span> <span class='ocrx_word' id='word_1_184' title='bbox 1313 1472 1620 1519; x_wconf 82' lang='lat' dir='ltr'>defendendam,</span> <span class='ocrx_word' id='word_1_185' title='bbox 1645 1485 1668 1510; x_wconf 86' lang='lat' dir='ltr'>a</span> <span class='ocrx_word' id='word_1_186' title='bbox 1690 1484 1730 1506; x_wconf 90' lang='lat'>20</span> 
     </span>
     <span class='ocr_line' id='line_1_22' title="bbox 341 1535 1667 1588; baseline -0.001 -14"><span class='ocrx_word' id='word_1_187' title='bbox 341 1537 536 1575; x_wconf 89' lang='lat' dir='ltr'>iudicibus</span> <span class='ocrx_word' id='word_1_188' title='bbox 566 1538 806 1587; x_wconf 87' lang='lat' dir='ltr'>puniendam</span> <span class='ocrx_word' id='word_1_189' title='bbox 839 1538 991 1588; x_wconf 87' lang='lat' dir='ltr'>putarit.</span> <span class='ocrx_word' id='word_1_190' title='bbox 1065 1539 1105 1576; x_wconf 89' lang='lat' dir='ltr'>P.</span> <span class='ocrx_word' id='word_1_191' title='bbox 1128 1537 1287 1576; x_wconf 85' lang='lat' dir='ltr'>Valerio</span> <span class='ocrx_word' id='word_1_192' title='bbox 1318 1549 1389 1586; x_wconf 91' lang='lat' dir='ltr'>pro</span> <span class='ocrx_word' id='word_1_193' title='bbox 1419 1535 1599 1574; x_wconf 81' lang='lat' dir='ltr'>maximis</span> <span class='ocrx_word' id='word_1_194' title='bbox 1627 1535 1667 1574; x_wconf 87' lang='lat' dir='ltr'>in</span> 
     </span>
     <span class='ocr_line' id='line_1_23' title="bbox 341 1601 1667 1652; baseline 0.001 -14"><span class='ocrx_word' id='word_1_195' title='bbox 341 1615 419 1640; x_wconf 91' lang='lat' dir='ltr'>rem</span> <span class='ocrx_word' id='word_1_196' title='bbox 444 1602 642 1652; x_wconf 82' lang='lat' dir='ltr'>publicam</span> <span class='ocrx_word' id='word_1_197' title='bbox 662 1603 864 1641; x_wconf 77' lang='lat' dir='ltr'>beneficiis</span> <span class='ocrx_word' id='word_1_198' title='bbox 886 1604 977 1641; x_wconf 83' lang='lat' dir='ltr'>data</span> <span class='ocrx_word' id='word_1_199' title='bbox 1001 1604 1143 1641; x_wconf 88' lang='lat' dir='ltr'>domus</span> <span class='ocrx_word' id='word_1_200' title='bbox 1164 1610 1221 1641; x_wconf 86' lang='lat' dir='ltr'>est</span> <span class='ocrx_word' id='word_1_201' title='bbox 1243 1601 1281 1639; x_wconf 92' lang='lat' dir='ltr'>in</span> <span class='ocrx_word' id='word_1_202' title='bbox 1303 1601 1418 1639; x_wconf 83' lang='lat' dir='ltr'>Velia</span> <span class='ocrx_word' id='word_1_203' title='bbox 1438 1601 1605 1651; x_wconf 89' lang='lat' dir='ltr'>publice,</span> <span class='ocrx_word' id='word_1_204' title='bbox 1629 1609 1667 1639; x_wconf 86' lang='lat' dir='ltr'>at</span> 
     </span>
     <span class='ocr_line' id='line_1_24' title="bbox 341 1666 1667 1716; baseline 0.001 -13"><span class='ocrx_word' id='word_1_205' title='bbox 341 1666 434 1704; x_wconf 79' lang='lat' dir='ltr'>mihi</span> <span class='ocrx_word' id='word_1_206' title='bbox 463 1666 502 1704; x_wconf 90' lang='lat' dir='ltr'>in</span> <span class='ocrx_word' id='word_1_207' title='bbox 531 1667 680 1705; x_wconf 85' lang='lat' dir='ltr'>Palatio</span> <span class='ocrx_word' id='word_1_208' title='bbox 708 1668 907 1716; x_wconf 80' lang='lat' dir='ltr'>restituta;</span> <span class='ocrx_word' id='word_1_209' title='bbox 938 1668 989 1706; x_wconf 89' lang='lat' dir='ltr'>illi</span> <span class='ocrx_word' id='word_1_210' title='bbox 1019 1669 1139 1714; x_wconf 81' lang='lat' dir='ltr'>locus,</span> <span class='ocrx_word' id='word_1_211' title='bbox 1169 1675 1208 1706; x_wconf 88' lang='lat' dir='ltr'>at</span> <span class='ocrx_word' id='word_1_212' title='bbox 1235 1666 1331 1705; x_wconf 84' lang='lat' dir='ltr'>mihi</span> <span class='ocrx_word' id='word_1_213' title='bbox 1359 1666 1476 1705; x_wconf 85' lang='lat' dir='ltr'>etiam</span> <span class='ocrx_word' id='word_1_214' title='bbox 1502 1666 1667 1716; x_wconf 84' lang='lat' dir='ltr'>parietes</span> 
     </span>
     <span class='ocr_line' id='line_1_25' title="bbox 339 1731 1667 1783; baseline 0 -14"><span class='ocrx_word' id='word_1_215' title='bbox 339 1740 457 1781; x_wconf 84' lang='lat' dir='ltr'>atque</span> <span class='ocrx_word' id='word_1_216' title='bbox 489 1741 660 1780; x_wconf 78' lang='lat' dir='ltr'>tectum3</span> <span class='ocrx_word' id='word_1_217' title='bbox 705 1732 756 1770; x_wconf 92' lang='lat' dir='ltr'>illi</span> <span class='ocrx_word' id='word_1_218' title='bbox 790 1747 906 1783; x_wconf 85' lang='lat' dir='ltr'>quam</span> <span class='ocrx_word' id='word_1_219' title='bbox 941 1735 1023 1783; x_wconf 79' lang='lat' dir='ltr'>ipse</span> <span class='ocrx_word' id='word_1_220' title='bbox 1055 1733 1206 1783; x_wconf 84' lang='lat' dir='ltr'>privato</span> <span class='ocrx_word' id='word_1_221' title='bbox 1242 1734 1323 1770; x_wconf 88' lang='lat' dir='ltr'>iure</span> <span class='ocrx_word' id='word_1_222' title='bbox 1355 1739 1537 1779; x_wconf 87' lang='lat' dir='ltr'>tueretur,</span> <span class='ocrx_word' id='word_1_223' title='bbox 1572 1731 1667 1769; x_wconf 88' lang='lat' dir='ltr'>mihi</span> 
     </span>
     <span class='ocr_line' id='line_1_26' title="bbox 340 1796 1727 1847; baseline -0.001 -13"><span class='ocrx_word' id='word_1_224' title='bbox 340 1811 456 1846; x_wconf 84' lang='lat' dir='ltr'>quam</span> <span class='ocrx_word' id='word_1_225' title='bbox 488 1798 644 1847; x_wconf 88' lang='lat' dir='ltr'>publice</span> <span class='ocrx_word' id='word_1_226' title='bbox 675 1797 917 1847; x_wconf 80' lang='lat' dir='ltr'>magistratus</span> <span class='ocrx_word' id='word_1_227' title='bbox 947 1811 1085 1835; x_wconf 85' lang='lat' dir='ltr'>omnes</span> <span class='ocrx_word' id='word_1_228' title='bbox 1115 1799 1384 1836; x_wconf 84' lang='lat' dir='ltr'>defenderent.</span> <span class='ocrx_word' id='word_1_229' title='bbox 1445 1797 1559 1845; x_wconf 82' lang='lat' dir='ltr'>Quae</span> <span class='ocrx_word' id='word_1_230' title='bbox 1587 1796 1668 1846; x_wconf 88' lang='lat' dir='ltr'>qui·</span> <span class='ocrx_word' id='word_1_231' title='bbox 1689 1810 1727 1843; x_wconf 84' lang='lat'>25</span> 
     </span>
     <span class='ocr_line' id='line_1_27' title="bbox 340 1861 1668 1913; baseline 0 -14"><span class='ocrx_word' id='word_1_232' title='bbox 340 1864 431 1900; x_wconf 90' lang='lat' dir='ltr'>dem</span> <span class='ocrx_word' id='word_1_233' title='bbox 453 1876 525 1912; x_wconf 83' lang='lat' dir='ltr'>ego</span> <span class='ocrx_word' id='word_1_234' title='bbox 553 1862 581 1900; x_wconf 80' lang='lat' dir='ltr'>si</span> <span class='ocrx_word' id='word_1_235' title='bbox 612 1871 677 1901; x_wconf 86' lang='lat' dir='ltr'>aut</span> <span class='ocrx_word' id='word_1_236' title='bbox 703 1876 770 1913; x_wconf 90' lang='lat' dir='ltr'>per</span> <span class='ocrx_word' id='word_1_237' title='bbox 798 1877 860 1901; x_wconf 86' lang='lat' dir='ltr'>me</span> <span class='ocrx_word' id='word_1_238' title='bbox 881 1870 946 1901; x_wconf 87' lang='lat' dir='ltr'>aut</span> <span class='ocrx_word' id='word_1_239' title='bbox 966 1863 1017 1901; x_wconf 86' lang='lat' dir='ltr'>ab</span> <span class='ocrx_word' id='word_1_240' title='bbox 1038 1863 1119 1901; x_wconf 87' lang='lat' dir='ltr'>aliis</span> <span class='ocrx_word' id='word_1_241' title='bbox 1144 1863 1341 1909; x_wconf 84' lang='lat' dir='ltr'>haberem,</span> <span class='ocrx_word' id='word_1_242' title='bbox 1363 1875 1445 1900; x_wconf 92' lang='lat' dir='ltr'>non</span> <span class='ocrx_word' id='word_1_243' title='bbox 1473 1861 1668 1912; x_wconf 86' lang='lat' dir='ltr'>praedica-</span> 
     </span>
     <span class='ocr_line' id='line_1_28' title="bbox 341 1926 1667 1978; baseline 0 -14"><span class='ocrx_word' id='word_1_244' title='bbox 341 1942 421 1965; x_wconf 86' lang='lat' dir='ltr'>rem</span> <span class='ocrx_word' id='word_1_245' title='bbox 442 1929 547 1978; x_wconf 86' lang='lat' dir='ltr'>apud</span> <span class='ocrx_word' id='word_1_246' title='bbox 569 1942 648 1973; x_wconf 76' lang='lat' dir='ltr'>vos,</span> <span class='ocrx_word' id='word_1_247' title='bbox 674 1942 722 1966; x_wconf 86' lang='lat' dir='ltr'>ne</span> <span class='ocrx_word' id='word_1_248' title='bbox 750 1928 865 1966; x_wconf 88' lang='lat' dir='ltr'>nimis</span> <span class='ocrx_word' id='word_1_249' title='bbox 896 1928 1046 1978; x_wconf 81' lang='lat' dir='ltr'>gloriari</span> <span class='ocrx_word' id='word_1_250' title='bbox 1068 1928 1243 1976; x_wconf 80' lang='lat' dir='ltr'>viderer3</span> <span class='ocrx_word' id='word_1_251' title='bbox 1272 1929 1341 1966; x_wconf 84' lang='lat' dir='ltr'>sed</span> <span class='ocrx_word' id='word_1_252' title='bbox 1362 1941 1454 1965; x_wconf 89' lang='lat' dir='ltr'>cum</span> <span class='ocrx_word' id='word_1_253' title='bbox 1475 1927 1552 1965; x_wconf 86' lang='lat' dir='ltr'>Sint</span> <span class='ocrx_word' id='word_1_254' title='bbox 1572 1926 1667 1964; x_wconf 82' lang='lat' dir='ltr'>mihi</span> 
     </span>
     <span class='ocr_line' id='line_1_29' title="bbox 341 1992 1668 2043; baseline -0.002 -12"><span class='ocrx_word' id='word_1_255' title='bbox 341 1994 432 2031; x_wconf 78' lang='lat' dir='ltr'>data</span> <span class='ocrx_word' id='word_1_256' title='bbox 460 2007 483 2031; x_wconf 80' lang='lat' dir='ltr'>a</span> <span class='ocrx_word' id='word_1_257' title='bbox 506 1993 629 2039; x_wconf 86' lang='lat' dir='ltr'>vobis,</span> <span class='ocrx_word' id='word_1_258' title='bbox 659 2008 748 2031; x_wconf 89' lang='lat' dir='ltr'>cum</span> <span class='ocrx_word' id='word_1_259' title='bbox 781 2008 826 2032; x_wconf 84' lang='lat' dir='ltr'>ea</span> <span class='ocrx_word' id='word_1_260' title='bbox 855 2001 1136 2043; x_wconf 86' lang='lat' dir='ltr'>attemptentur</span> <span class='ocrx_word' id='word_1_261' title='bbox 1166 1994 1248 2031; x_wconf 89' lang='lat' dir='ltr'>eius</span> <span class='ocrx_word' id='word_1_262' title='bbox 1277 1994 1410 2043; x_wconf 82' lang='lat' dir='ltr'>lingua</span> <span class='ocrx_word' id='word_1_263' title='bbox 1434 1992 1547 2030; x_wconf 90' lang='lat' dir='ltr'>cuius</span> <span class='ocrx_word' id='word_1_264' title='bbox 1577 1999 1668 2030; x_wconf 85' lang='lat' dir='ltr'>ante</span> 
     </span>
     <span class='ocr_line' id='line_1_30' title="bbox 341 2057 1668 2098; baseline -0.001 -2"><span class='ocrx_word' id='word_1_265' title='bbox 341 2072 459 2096; x_wconf 86' lang='lat' dir='ltr'>manu</span> <span class='ocrx_word' id='word_1_266' title='bbox 481 2072 613 2097; x_wconf 80' lang='lat' dir='ltr'>eversa</span> <span class='ocrx_word' id='word_1_267' title='bbox 633 2073 702 2097; x_wconf 81' lang='lat' dir='ltr'>vos</span> <span class='ocrx_word' id='word_1_268' title='bbox 724 2060 818 2096; x_wconf 87' lang='lat' dir='ltr'>mihi</span> <span class='ocrx_word' id='word_1_269' title='bbox 850 2067 887 2097; x_wconf 88' lang='lat' dir='ltr'>et</span> <span class='ocrx_word' id='word_1_270' title='bbox 917 2058 1046 2097; x_wconf 86' lang='lat' dir='ltr'>liberis</span> <span class='ocrx_word' id='word_1_271' title='bbox 1067 2058 1164 2098; x_wconf 88' lang='lat' dir='ltr'>meis</span> <span class='ocrx_word' id='word_1_272' title='bbox 1184 2058 1367 2096; x_wconf 86' lang='lat' dir='ltr'>manibus</span> <span class='ocrx_word' id='word_1_273' title='bbox 1387 2058 1523 2096; x_wconf 77' lang='lat' dir='ltr'>vestris</span> <span class='ocrx_word' id='word_1_274' title='bbox 1543 2057 1668 2096; x_wconf 88' lang='lat' dir='ltr'>reddi-</span> 
     </span>
    </p>
   </div>
   <div class='ocr_carea' id='block_1_3' title="bbox 340 2159 1670 2420">
    <p class='ocr_par' dir='ltr' id='par_1_7' title="bbox 340 2159 1670 2420">
     <span class='ocr_line' id='line_1_31' title="bbox 383 2159 1670 2203; baseline -0.002 -11"><span class='ocrx_word' id='word_1_275' title='bbox 383 2173 402 2201; x_wconf 83' lang='grc'>3</span> <span class='ocrx_word' id='word_1_276' title='bbox 427 2173 491 2201; x_wconf 88' lang='lat' dir='ltr'>quo</span> <span class='ocrx_word' id='word_1_277' title='bbox 511 2162 614 2203; x_wconf 83' lang='lat' dir='ltr'>quae]</span> <span class='ocrx_word' id='word_1_278' title='bbox 633 2159 732 2201; x_wconf 50' lang='lat' dir='ltr'>quod:</span> <span class='ocrx_word' id='word_1_279' title='bbox 760 2163 806 2193; x_wconf 83' lang='lat' dir='ltr'>P:</span> <span class='ocrx_word' id='word_1_280' title='bbox 833 2173 964 2202; x_wconf 79' lang='lat' dir='ltr'>quoque</span> <span class='ocrx_word' id='word_1_281' title='bbox 984 2163 1049 2192; x_wconf 69' lang='lat' dir='ltr'>rsll.</span> <span class='ocrx_word' id='word_1_282' title='bbox 1163 2173 1181 2201; x_wconf 83' lang='lat'>5</span> <span class='ocrx_word' id='word_1_283' title='bbox 1206 2166 1345 2192; x_wconf 83' lang='lat' dir='ltr'>senatus</span> <span class='ocrx_word' id='word_1_284' title='bbox 1363 2161 1449 2191; x_wconf 77' lang='lat' dir='ltr'>codd.</span> <span class='ocrx_word' id='word_1_285' title='bbox 1464 2164 1592 2201; x_wconf 70' lang='lat' dir='ltr'>practer</span> <span class='ocrx_word' id='word_1_286' title='bbox 1609 2161 1670 2190; x_wconf 82' lang='lat' dir='ltr'>PB</span> 
     </span>
     <span class='ocr_line' id='line_1_32' title="bbox 341 2204 1667 2245; baseline -0.001 -9"><span class='ocrx_word' id='word_1_287' title='bbox 341 2206 479 2245; x_wconf 82' lang='lat' dir='ltr'>(senati)</span> <span class='ocrx_word' id='word_1_288' title='bbox 565 2217 596 2235; x_wconf 83' lang='lat'>11</span> <span class='ocrx_word' id='word_1_289' title='bbox 618 2206 757 2236; x_wconf 77' lang='lat' dir='ltr'>aedibus</span> <span class='ocrx_word' id='word_1_290' title='bbox 772 2206 844 2236; x_wconf 81' lang='lat' dir='ltr'>GE²</span> <span class='ocrx_word' id='word_1_291' title='bbox 926 2217 963 2235; x_wconf 82' lang='grc'>12</span> <span class='ocrx_word' id='word_1_292' title='bbox 979 2211 1068 2236; x_wconf 82' lang='lat' dir='ltr'>esset</span> <span class='ocrx_word' id='word_1_293' title='bbox 1078 2205 1213 2236; x_wconf 72' lang='lat' dir='ltr'>Ernesti</span> <span class='ocrx_word' id='word_1_294' title='bbox 1289 2216 1327 2235; x_wconf 87' lang='lat'>21</span> <span class='ocrx_word' id='word_1_295' title='bbox 1356 2206 1562 2245; x_wconf 84' lang='lat' dir='ltr'>puniendam</span> <span class='ocrx_word' id='word_1_296' title='bbox 1574 2204 1667 2235; x_wconf 81' lang='lat' dir='ltr'>BHk</span> 
     </span>
     <span class='ocr_line' id='line_1_33' title="bbox 340 2246 1663 2290; baseline 0 -12"><span class='ocrx_word' id='word_1_297' title='bbox 340 2250 405 2280; x_wconf 78' lang='lat' dir='ltr'>rell.</span> <span class='ocrx_word' id='word_1_298' title='bbox 415 2253 544 2289; x_wconf 72' lang='lat' dir='ltr'>praeter</span> <span class='ocrx_word' id='word_1_299' title='bbox 557 2250 618 2280; x_wconf 79' lang='lat' dir='ltr'>PG</span> <span class='ocrx_word' id='word_1_300' title='bbox 631 2248 902 2290; x_wconf 60' lang='lat' dir='ltr'>(poeniendam):</span> <span class='ocrx_word' id='word_1_301' title='bbox 917 2250 1130 2279; x_wconf 84' lang='lat' dir='ltr'>muniendam</span> <span class='ocrx_word' id='word_1_302' title='bbox 1141 2249 1257 2278; x_wconf 70' lang='lat' dir='ltr'>Petrus</span> <span class='ocrx_word' id='word_1_303' title='bbox 1265 2249 1373 2278; x_wconf 79' lang='lat' dir='ltr'>Faber</span> <span class='ocrx_word' id='word_1_304' title='bbox 1411 2246 1663 2286; x_wconf 80' lang='lat' dir='ltr'>putaritHalm:</span> 
     </span>
     <span class='ocr_line' id='line_1_34' title="bbox 341 2290 1665 2333; baseline -0.001 -11"><span class='ocrx_word' id='word_1_305' title='bbox 341 2298 474 2331; x_wconf 83' lang='lat' dir='ltr'>putaret</span> <span class='ocrx_word' id='word_1_306' title='bbox 489 2293 575 2324; x_wconf 78' lang='lat' dir='ltr'><strong><em>codd.</em></strong></span> <span class='ocrx_word' id='word_1_307' title='bbox 645 2304 684 2323; x_wconf 83' lang='lat'>22</span> <span class='ocrx_word' id='word_1_308' title='bbox 704 2293 734 2322; x_wconf 88' lang='lat' dir='ltr'>in</span> <span class='ocrx_word' id='word_1_309' title='bbox 751 2292 845 2323; x_wconf 85' lang='lat' dir='ltr'>Velia</span> <span class='ocrx_word' id='word_1_310' title='bbox 855 2294 987 2333; x_wconf 85' lang='lat' dir='ltr'>publice</span> <span class='ocrx_word' id='word_1_311' title='bbox 997 2293 1104 2322; x_wconf 79' lang='lat' dir='ltr'>Ianus</span> <span class='ocrx_word' id='word_1_312' title='bbox 1114 2291 1322 2322; x_wconf 76' lang='lat' dir='ltr'>Palmcrt&#39;us:</span> <span class='ocrx_word' id='word_1_313' title='bbox 1341 2292 1372 2321; x_wconf 89' lang='lat' dir='ltr'>in</span> <span class='ocrx_word' id='word_1_314' title='bbox 1388 2291 1453 2321; x_wconf 84' lang='lat' dir='ltr'>ulla</span> <span class='ocrx_word' id='word_1_315' title='bbox 1467 2291 1598 2331; x_wconf 83' lang='lat' dir='ltr'>publica</span> <span class='ocrx_word' id='word_1_316' title='bbox 1609 2290 1665 2321; x_wconf 85' lang='lat' dir='ltr'>P¹:</span> 
     </span>
     <span class='ocr_line' id='line_1_35' title="bbox 340 2334 1668 2376; baseline -0.001 -11"><span class='ocrx_word' id='word_1_317' title='bbox 340 2336 373 2365; x_wconf 88' lang='lat' dir='ltr'>in</span> <span class='ocrx_word' id='word_1_318' title='bbox 388 2336 464 2366; x_wconf 75' lang='lat' dir='ltr'>villa</span> <span class='ocrx_word' id='word_1_319' title='bbox 483 2337 615 2375; x_wconf 82' lang='lat' dir='ltr'>publica</span> <span class='ocrx_word' id='word_1_320' title='bbox 629 2336 673 2366; x_wconf 79' lang='lat' dir='ltr'>P2</span> <span class='ocrx_word' id='word_1_321' title='bbox 690 2336 753 2367; x_wconf 68' lang='lat' dir='ltr'>rell.</span> <span class='ocrx_word' id='word_1_322' title='bbox 879 2347 918 2375; x_wconf 79' lang='lat'>24</span> <span class='ocrx_word' id='word_1_323' title='bbox 946 2342 978 2366; x_wconf 84' lang='lat' dir='ltr'>at</span> <span class='ocrx_word' id='word_1_324' title='bbox 992 2336 1072 2366; x_wconf 72' lang='lat' dir='ltr'>mih-1</span> <span class='ocrx_word' id='word_1_325' title='bbox 1090 2335 1204 2366; x_wconf 76' lang='lat' dir='ltr'>Garat.</span> <span class='ocrx_word' id='word_1_326' title='bbox 1334 2345 1373 2372; x_wconf 77' lang='lat'>27</span> <span class='ocrx_word' id='word_1_327' title='bbox 1400 2335 1490 2376; x_wconf 82' lang='lat' dir='ltr'>cum]</span> <span class='ocrx_word' id='word_1_328' title='bbox 1506 2345 1590 2374; x_wconf 87' lang='lat' dir='ltr'>quae</span> <span class='ocrx_word' id='word_1_329' title='bbox 1607 2334 1668 2365; x_wconf 81' lang='lat' dir='ltr'>GE</span> 
     </span>
     <span class='ocr_line' id='line_1_36' title="bbox 340 2378 778 2420; baseline 0.002 -11"><span class='ocrx_word' id='word_1_330' title='bbox 340 2380 382 2409; x_wconf 80' lang='lat'>28</span> <span class='ocrx_word' id='word_1_331' title='bbox 407 2379 461 2420; x_wconf 79' lang='lat' dir='ltr'>ea]</span> <span class='ocrx_word' id='word_1_332' title='bbox 484 2380 546 2410; x_wconf 88' lang='lat' dir='ltr'>iam</span> <span class='ocrx_word' id='word_1_333' title='bbox 568 2380 649 2410; x_wconf 78' lang='lat' dir='ltr'>com&#39;.</span> <span class='ocrx_word' id='word_1_334' title='bbox 668 2378 778 2411; x_wconf 68' lang='lat' dir='ltr'>Mucll.</span> 
     </span>
    </p>
   </div>
  </div>
 </body>
</html>
