1774 2782
127 1280 143 1310 5

106 1602 145 1624 10

439 538 507 585 M.
558 537 772 584 TVLLI
828 536 1223 584 CICERONIS

346 682 630 730 ORATIO
684 682 783 729 DE
840 683 1317 730 HARVSPICVM

263 772 642 822 RESPONSO
700 775 774 820 IN
831 774 878 821 P.
931 774 1263 821 CLODIVM
1319 775 1394 822 IN

511 862 804 909 SENATV
860 863 1144 910 HABITA

221 997 458 1034 HESTERNO
469 996 545 1040 die,
562 1002 690 1044 patres
709 995 930 1044 conscripti,
952 1008 1040 1033 cuni
1056 1008 1119 1033 me
1136 1002 1173 1033 et
1185 1002 1312 1034 vestra
1325 996 1492 1046 dignitas

165 1068 202 1100 et
225 1060 439 1111 frequentia
462 1061 639 1109 equitum
667 1062 938 1098 Romanorum
970 1060 1245 1111 praesentium,
1269 1062 1411 1110 quibus
1438 1075 1491 1100 se-

166 1134 278 1164 natus
307 1125 482 1172 dabatur,
506 1138 651 1175 magno
673 1139 790 1176 opere
821 1134 1070 1172 commosset,
1096 1127 1226 1176 putavi
1256 1127 1350 1164 mihi
1378 1128 1492 1176 repri-

166 1191 351 1229 mendam
383 1203 468 1228 esse
502 1192 541 1227 P.
581 1191 698 1229 Clodi
734 1190 975 1240 impudicam
1012 1192 1308 1240 impudentiam,
1336 1205 1426 1229 cum
1458 1191 1490 1230 is

165 1256 465 1306 publicanorum
494 1268 652 1293 causam
677 1256 915 1294 stultissimis
940 1256 1309 1306 interrogationibus
1330 1256 1493 1306 impedi-

164 1328 231 1368 ret,
256 1323 295 1358 P.
318 1320 493 1358 Tullioni
525 1321 620 1370 Syro
647 1328 803 1358 navaret
829 1334 988 1371 operam
1017 1329 1135 1370 atque
1162 1321 1197 1359 ei
1224 1334 1276 1367 se,
1298 1321 1361 1360 cui
1386 1329 1491 1360 totus

163 1386 344 1432 venierat,
381 1384 499 1423 etiam
540 1385 653 1423 vobis
693 1384 1002 1435 inspectantibus
1042 1385 1270 1424 venditaret.
1349 1388 1491 1437 Itaque

163 1452 364 1489 hominem
388 1452 578 1488 furentem
601 1451 941 1500 exsultantemque
971 1450 1147 1489 continui
1176 1450 1291 1489 simul
1321 1465 1367 1490 ac
1395 1452 1490 1502 peri-

163 1518 294 1555 culum
330 1515 448 1554 iudici
479 1514 656 1553 intendi:
696 1515 852 1553 duobus
884 1515 1047 1565 inceptis
1078 1516 1204 1554 verbis
1234 1530 1394 1555 ornnem
1423 1517 1490 1555 im-

164 1590 296 1632 petum
312 1582 535 1631 gladiatoris
554 1582 817 1631 ferociamque
834 1582 1059 1631 compressi,
1110 1584 1169 1619 Ac
1183 1589 1316 1620 tamen
1334 1583 1488 1632 ignarus

164 1647 226 1686 ille
247 1646 313 1696 qui
335 1647 517 1684 consules
539 1654 679 1692 essent,
700 1647 905 1695 exsanguis
922 1653 1039 1695 atque
1060 1654 1243 1684 aestuans
1259 1660 1300 1685 se
1321 1659 1367 1685 ex
1383 1647 1490 1685 curia

163 1720 321 1762 repente
336 1711 535 1761 proripuit,
555 1724 644 1748 cum
663 1711 901 1760 quibusdam
919 1711 1046 1749 fractis
1069 1712 1144 1749 iam
1165 1719 1284 1761 atque
1305 1711 1489 1750 inanibus

163 1777 276 1815 minis
298 1784 336 1815 et
357 1790 447 1814 cum
470 1775 570 1813 illius
602 1776 799 1813 Pisoniani
821 1776 1006 1825 temporis
1029 1776 1321 1826 Gabinianique
1341 1778 1491 1815 terrori·

161 1842 259 1881 bus:
290 1855 408 1892 quem
437 1855 529 1879 cum
554 1841 819 1892 egredientem
842 1841 994 1892 insequi
1016 1841 1248 1891 coepissem,
1270 1843 1356 1892 cepi
1384 1844 1490 1892 equi-

162 1908 254 1946 dem
271 1908 439 1945 fructum
456 1906 668 1944 maximum
684 1914 720 1945 et
735 1920 780 1945 ex
793 1908 1109 1945 consurrectione
1123 1906 1301 1945 omnium
1315 1915 1487 1945 vestrum

162 1980 200 2010 et
220 1986 266 2012 ex
283 1973 472 2011 comitatu
495 1971 806 2022 publicanorum.
853 1972 929 2009 Sed
951 1985 1108 2009 vaecors
1130 1979 1290 2021 repente
1311 1972 1394 2011 sine
1415 1986 1488 2011 suo

162 2038 280 2084 vultu,
307 2039 391 2075 sine
425 2039 567 2084 colore,
595 2038 678 2076 sine
709 2051 804 2076 voce
835 2035 1034 2083 constitit,
1063 2035 1208 2074 deinde
1238 2037 1404 2086 respexit
1433 2045 1483 2084 et,

162 2102 277 2140 simul
306 2110 424 2152 atque
455 2104 527 2141 Cn.
561 2104 772 2140 Lentulum
812 2103 1014 2140 consulem
1050 2102 1211 2151 aspexit,
1244 2102 1418 2140 concidit
1449 2102 1488 2140 in

161 2170 290 2207 curiae
313 2182 439 2218 paene
464 2168 624 2216 limine,
665 2168 943 2215 recordatione,
978 2168 1106 2213 credO,
1136 2166 1282 2206 Gabini
1306 2167 1364 2205 sui
1389 2167 1488 2206 desi-

206 2285 371 2315 responso
390 2273 509 2304 Ascon.
529 2285 534 2304 :
560 2274 732 2312 responsis
750 2272 849 2304 codd..
872 2272 982 2311 Qm'nl.
1005 2284 1033 2303 v.
1059 2283 1106 2310 11,
1127 2283 1168 2310 42
1284 2281 1303 2300 2
1327 2280 1485 2310 praesen—

161 2319 242 2349 tium
261 2317 495 2348 onuliEMlAE‘
584 2318 604 2346 6
628 2328 704 2346 sese
722 2316 805 2346 EMc
920 2327 957 2346 10
981 2316 1139 2346 Attamen
1163 2315 1294 2346 GMbe-t
1391 2323 1427 2352 15
1453 2318 1486 2343 et

161 2373 226 2393 om.
238 2361 305 2415 §E
339 2404 347 2436 l
373 2362 430 2437 &8
454 2361 550 2391 simul
569 2366 667 2399 atquc
686 2360 771 2390 Bait.
791 2372 795 2390 :
823 2360 918 2390 simul
937 2360 977 2390 ad
996 2360 1082 2390 codd.
1101 2363 1228 2400 praeter
1243 2359 1291 2390 Gk
1306 2357 1417 2394 (simul
1432 2360 1482 2396 ac)

160 2410 191 2437 et
207 2410 219 2436 l
236 2415 333 2436 rsimu
351 2416 369 2435 a
391 2429 396 2435 .

1359 2458 1396 2489 722

1517 1037 1527 1057 1

1514 1594 1527 1615 2
