1774 2782
194 128 236 163 13
257 134 292 163 52

197 1086 235 1117 33

627 119 682 154 M.
715 118 881 154 TVLLI
916 118 1221 155 CICERONIS

256 228 434 264 nationes
467 226 585 264 nostri
623 226 876 276 imperatores
908 228 1132 265 refutandas
1165 228 1294 276 potius
1327 228 1431 267 bello
1465 243 1581 279 quam

255 292 501 329 lacessendas
529 298 772 340 putaverunt.
834 293 924 340 Ipse
954 290 1018 328 ille
1048 292 1092 330 C.
1127 291 1287 338 Marius,
1318 293 1429 330 cuius
1453 293 1585 331 divina

255 364 373 405 atque
400 355 540 394 eximia
564 357 683 394 virtus
713 357 863 405 magnis
888 355 1023 406 populi
1048 358 1219 394 Romani
1246 357 1418 395 luctibus
1445 358 1585 395 funeri-

255 420 409 470 busque
443 420 636 466 subvenit,
669 420 868 458 influentis
900 420 938 458 in
972 420 1126 458 Italiam
1158 422 1360 459 Gallorum
1397 421 1584 460 maximas

256 487 388 535 copias
409 485 601 535 repressit,
624 499 702 523 non
732 485 814 535 ipse
841 487 891 523 ad
917 499 1051 523 eorum
1074 485 1180 523 urbis
1200 486 1384 536 sedisque
1411 494 1585 536 penetra-

256 552 318 588 vit.
382 552 509 588 Modo
530 551 593 588 ille
622 563 799 588 meorum
830 551 1009 588 laborum
1040 550 1302 600 periculorum
1330 551 1583 589 consiliorum

256 617 395 661 socius,
420 616 463 655 C.
491 615 734 665 Pomptinus,
758 615 990 653 fortissimus
1012 615 1078 662 vir,
1096 623 1224 654 ortum
1249 624 1409 666 repente
1437 617 1584 654 bellum

256 681 515 730 Allobrogum
556 688 674 731 atque
714 682 786 718 hac
831 682 1019 719 scelerata
1063 680 1334 719 coniuratione
1373 681 1584 720 excitatum

256 745 412 795 proeliis
435 745 543 795 fregit
565 759 713 796 eosque
739 747 893 784 domuit
921 747 987 796 qui
1017 746 1277 793 lacessierant‚
1300 754 1338 785 et
1359 760 1405 785 ea
1424 746 1585 785 victoria

256 818 465 848 contentus
501 824 540 848 re
575 810 732 860 publica
766 819 871 849 metu
909 811 1072 849 liberata
1105 810 1266 861 quievit.
1324 812 1368 850 C.
1407 811 1584 851 Caesaris

257 877 372 925 longe
393 875 507 913 aliam
526 876 641 914 video
658 876 776 914 fuisse
794 877 983 914 rationem
1002 891 1010 923 ;
1042 890 1121 914 non
1140 878 1244 914 enim
1262 876 1335 914 sibi
1350 878 1476 915 solum
1494 891 1584 915 cum

257 941 301 978 iis
334 955 432 991 quos
465 941 541 978 iam
575 950 746 979 armatos
774 949 910 979 contra
944 943 1135 991 populum
1166 944 1392 980 Romanum
1427 943 1586 981 videbat

258 1007 485 1044 bellandum
500 1020 584 1044 esse
598 1007 717 1052 duxit,
734 1007 803 1045 sed
819 1014 940 1044 totam
958 1008 1127 1045 Galliam
1146 1007 1183 1044 in
1198 1014 1369 1045 nostram
1387 1007 1585 1046 dicionem

257 1085 341 1109 esse
363 1072 628 1121 redigendam.
680 1074 821 1122 Itaque
838 1086 928 1110 cum
950 1072 1147 1111 acerrimis
1169 1073 1395 1111 nationibus
1412 1081 1449 1112 et
1471 1073 1586 1112 maxi-

257 1137 329 1174 mis
355 1140 643 1175 Germanorum
669 1145 706 1175 et
730 1137 1004 1175 Helvetiorum
1032 1139 1188 1188 proeliis
1214 1137 1435 1177 felicissime
1455 1140 1586 1177 decer-

257 1202 360 1248 tavit,
391 1210 538 1241 ceteras
565 1203 790 1250 conterruit,
826 1203 1028 1253 compulit,
1061 1203 1226 1251 domuit,
1258 1203 1420 1254 imperio
1450 1206 1585 1254 populi

259 1268 429 1306 Romani
457 1282 591 1318 parere
611 1269 840 1316 adsuefecit,
866 1277 904 1307 et
928 1283 1024 1319 quas
1053 1269 1229 1319 regiones
1258 1283 1434 1320 quasque
1460 1271 1586 1319 gentis

257 1335 386 1371 nullae
403 1333 517 1372 nobis
533 1342 648 1372 antea
663 1334 826 1381 litterae,
844 1336 950 1372 nulla
964 1348 1048 1382 vox,
1065 1336 1171 1372 nulla
1186 1336 1288 1372 fama
1305 1342 1417 1373 notas
1432 1337 1584 1382 fecerat,

256 1399 325 1435 has
348 1406 479 1437 noster
505 1398 715 1448 imperator
745 1407 957 1449 nosterque
983 1399 1173 1437 exercitus
1200 1407 1237 1438 et
1259 1400 1393 1450 populi
1416 1400 1587 1439 Romani

255 1478 362 1502 arma
401 1472 662 1514 peragrarunt.
738 1464 926 1502 Semitam
969 1472 1121 1503 tantum
1163 1465 1315 1503 Galliae
1354 1466 1586 1504 tenebamus

255 1538 381 1576 antea,
401 1537 527 1579 patres
549 1529 759 1579 conscripti
780 1544 786 1575 ;
817 1537 969 1568 ceterae
992 1538 1118 1580 partes
1135 1544 1157 1568 a
1173 1531 1355 1580 gentibus
1375 1539 1441 1569 aut
1464 1531 1586 1569 inimi<

256 1594 310 1632 cis
324 1594 414 1632 huic
429 1594 592 1644 imperio
608 1602 674 1632 aut
691 1594 821 1632 infidis
837 1602 903 1632 aut
922 1595 1129 1645 incognitis
1146 1603 1212 1633 aut
1228 1604 1332 1634 certe
1349 1595 1586 1634 immanibus

256 1667 293 1697 et
323 1659 496 1697 barbaris
532 1667 569 1698 et
601 1659 796 1698 bellicosis
829 1660 1092 1707 tenebantur,
1133 1675 1230 1710 quas
1260 1661 1438 1699 nationes
1470 1675 1587 1699 nemo

256 1739 443 1774 umquam
466 1725 536 1762 fuit
558 1725 652 1774 quin
671 1727 792 1774 frangi
813 1725 1045 1775 domarique
1063 1734 1233 1775 cuperet.
1295 1727 1424 1764 Nemo
1438 1726 1587 1776 sapien-

256 1799 312 1829 ter
332 1792 381 1828 de
403 1803 442 1828 re
463 1789 619 1840 publica
637 1798 768 1828 nostra
791 1790 985 1840 cogitavit,
1006 1789 1081 1827 iam
1104 1790 1196 1828 inde
1217 1804 1238 1828 a
1259 1790 1450 1840 principio
1471 1791 1585 1829 huius
1628 1806 1643 1836 ,-

256 1856 403 1905 imperi,
420 1855 515 1905 quin
530 1855 697 1893 Galliam
717 1855 884 1894 maxime
903 1855 1118 1894 timendam
1137 1855 1228 1893 huic
1246 1855 1408 1906 imperio
1422 1864 1587 1906 putaret3

256 1922 325 1959 sed
346 1929 502 1971 propter
522 1920 600 1958 vim
621 1935 667 1959 ac
690 1922 982 1959 multitudinem
1004 1920 1179 1970 gentium
1197 1921 1346 1958 illarum
1370 1935 1585 1971 numquam

257 1994 314 2024 est
353 1994 467 2024 antea
507 1999 596 2023 cum
641 1986 826 2024 omnibus
863 1986 1106 2024 dimicatum.
1166 1986 1399 2024 Restitimus
1433 2000 1586 2037 semper

256 2050 423 2089 lacessiti
441 2066 448 2088 ε
481 2064 585 2088 nunc
609 2051 781 2100 denique
804 2058 860 2089 est
878 2052 1093 2100 perfectum
1112 2058 1153 2088 ut
1174 2050 1311 2100 imperi
1333 2050 1453 2089 nostri
1475 2059 1586 2089 terra-

304 2165 317 2184 1
356 2164 452 2193 quam
483 2154 739 2194 lasputaverunt
768 2154 809 2183 P¹
979 2165 1017 2184 10
1053 2155 1090 2185 C.
1117 2158 1192 2184 ante
1218 2155 1373 2185 Caesaris
1401 2166 1465 2186 om.
1497 2155 1586 2187 ΡΒΣ

261 2208 299 2235 14
324 2208 395 2228 cum
409 2198 602 2228 nationibus
618 2198 658 2229 G.
674 2202 707 2227 et
722 2198 766 2229 H.
780 2198 953 2228 acerrimis
971 2203 1004 2228 et
1024 2198 1179 2228 maximis
1195 2199 1334 2237 proeliis
1351 2209 1415 2228 van
1433 2198 1491 2228 der
1508 2198 1588 2229 Vliet

260 2241 368 2281 (Balla.
399 2244 413 2278 ξ
440 2244 498 2280 5):
523 2252 596 2271 cum
623 2241 796 2271 acerrimis
818 2246 884 2271 nat.
904 2241 942 2272 G.
964 2246 998 2271 et
1016 2241 1060 2271 H.
1081 2246 1114 2271 et
1138 2241 1290 2271 maximis
1316 2242 1454 2281 proeliis
1473 2241 1587 2273 Land-

253 2284 340 2324 graf
350 2284 481 2324 (Pomp.
506 2288 520 2322 ξ
540 2285 596 2323 28ῗ»
712 2293 748 2322 15
775 2284 928 2323 plurimis
947 2285 1083 2323 proeliis
1106 2284 1256 2314 lVeidner
1370 2295 1408 2324 19
1431 2295 1488 2315 eas
1505 2285 1582 2317 com'.

258 2327 373 2356 Baiser
458 2338 499 2357 22
524 2333 556 2358 at
572 2332 664 2358 certe
679 2327 858 2367 Pluygers:
879 2339 916 2358 ac
931 2333 1022 2358 certe
1037 2327 1150 2358 Madv.
1242 2329 1283 2357 26
1307 2333 1441 2367 putaret
1455 2328 1564 2358 Pku
1577 2339 1583 2358 :

260 2370 439 2409 deputaret
459 2371 503 2400 P²
526 2371 614 2403 rell.:
642 2381 718 2401 esse
739 2376 873 2410 putaret
898 2371 1008 2411 Klotz,
1033 2371 1170 2412 improb.
1194 2370 1345 2401 Zz'clinsk.
1370 2372 1463 2402 Num
1486 2382 1581 2411 repu-

260 2415 365 2444 taret?
393 2416 423 2454 (ξ
443 2415 501 2453 24)

1608 825 1644 847 [0

1608 1479 1647 1500 20
