1774 2782
281 161 354 196 DE
387 159 551 198 DOMO
582 159 685 196 SVA
716 159 793 194 AD
825 157 1158 196 PONTIFICES
1191 156 1408 194 ORATIO
1466 164 1516 200 23
1535 159 1578 191 60

189 276 225 306 et
246 269 516 305 columnarum
538 276 575 305 et
597 269 792 305 valvarum
815 268 944 305 fuisse.
995 269 1137 316 Neque
1161 280 1274 316 porro
1297 266 1360 303 illa
1381 279 1517 303 manus
1536 270 1574 301 61

189 333 404 382 copiaeque
435 332 628 371 Catilinae
658 332 872 370 caementis
902 345 948 369 ac
978 331 1085 369 testis
1118 338 1308 368 tectorum
1342 343 1517 367 meorum

189 410 229 434 se
265 398 406 434 famem
444 410 555 434 suam
591 398 812 446 expleturas
855 404 1114 446 putaverunt3
1158 397 1228 433 sed
1267 403 1308 433 ut
1347 394 1518 432 hostium

189 461 313 506 urbes,
358 474 430 499 nec
473 461 652 499 omnium
697 461 880 507 hostium,
923 475 1056 499 verum
1102 474 1237 498 eorum
1282 459 1518 509 quibuscum

151 543 168 574 5
188 526 373 564 acerbum
402 527 548 565 bellum
580 527 944 576 internecivumque
975 525 1231 575 suscepimus,
1263 538 1344 562 non
1375 525 1520 574 praeda

188 591 347 629 adducti
370 593 439 630 sed
460 592 554 629 odio
574 593 746 630 solemus
771 592 1009 637 exscindere,
1033 590 1153 639 quod,
1178 590 1217 626 in
1237 602 1336 638 quos
1362 596 1519 638 propter

189 669 323 694 eorum
363 656 633 694 crudelitatem
669 656 933 694 inflammatae
973 662 1124 693 mentes
1160 661 1315 692 nostrae
1351 655 1515 700 suerunt,

188 735 277 759 cum
299 722 439 759 horum
463 721 582 759 etiam
608 721 721 759 tectis
742 728 780 759 et
801 720 961 758 sedibus
988 719 1157 758 residere
1182 719 1343 768 aliquod
1371 718 1516 756 bellum

188 800 340 835 semper
360 787 511 824 videtur
534 802 551 821 a<
576 804 594 823 *
619 803 636 822 aa<

134 865 169 887 10
242 852 351 890 Nihil
381 861 461 890 erat
492 854 614 890 latum
644 853 694 890 de
725 865 813 899 me3
852 864 933 888 non
962 851 1101 888 adesse
1131 863 1236 887 eram
1268 849 1405 895 iussus,
1437 863 1517 886 non
1537 828 1589 910 g?

187 917 326 955 citatus
339 919 536 965 afueram;
563 932 669 956 eram
685 916 804 955 etiam
821 924 890 955 tuo
910 915 1057 954 iudicio
1078 915 1172 953 civis
1190 915 1407 961 incolumis,
1425 928 1516 952 cum

188 983 327 1020 domus
351 983 389 1020 in
412 982 571 1029 Palatio,
596 982 685 1020 villa
707 982 746 1019 in
766 982 1005 1028 Tusculano,
1029 982 1149 1018 altera
1169 981 1219 1018 ad
1241 981 1405 1018 alterum
1427 993 1517 1016 con-

187 1049 310 1085 sulem
324 1047 830 1086 transferebatur—scilicet
843 1060 911 1085 eos
925 1047 1106 1084 consules
1120 1045 1517 1083 vocabant—colum-

187 1126 260 1150 nae
282 1126 521 1151 marmoreae
537 1127 582 1150 ex
603 1112 769 1150 aedibus
789 1113 886 1149 meis
904 1111 1147 1161 inspectante
1169 1112 1317 1160 populo
1335 1112 1518 1148 Romano

133 1188 167 1219 15
186 1179 236 1215 ad
267 1191 420 1215 socrum
453 1178 625 1216 consulis
656 1178 923 1228 portabantur,
958 1176 997 1214 in
1039 1177 1207 1214 fundum
1237 1183 1369 1213 autem
1403 1175 1516 1212 vicini

188 1243 358 1280 consulis
381 1256 460 1280 non
484 1243 788 1280 instrumentum
815 1249 883 1279 aut
909 1249 1140 1278 ornamenta
1161 1241 1283 1285 villae,
1309 1241 1378 1277 sed
1400 1240 1517 1277 etiam

186 1308 343 1345 arbores
359 1308 697 1354 transferebantur,
714 1321 804 1345 cum
822 1307 905 1356 ipsa
923 1308 1012 1344 villa
1027 1320 1108 1344 non
1122 1307 1289 1356 praedae
1303 1305 1517 1355 cupiditate

190 1373 336 1422 —quid
359 1373 462 1410 enim
486 1382 565 1411 erat
583 1374 751 1423 praedae
765 1373 907 1410 ?—-sed
925 1371 1018 1409 odio
1042 1378 1079 1409 et
1096 1371 1325 1409 crudelitate
1342 1370 1517 1409 funditus

190 1447 433 1477 everteretur.
496 1441 649 1476 Domus
685 1438 848 1476 ardebat
880 1437 919 1475 in
952 1436 1102 1474 Palatio
1134 1450 1213 1474 non
1245 1438 1415 1483 fortuito,
1447 1437 1516 1474 sed

129 1517 171 1540 20
190 1505 324 1542 oblato
353 1505 562 1552 incendio;
594 1506 775 1542 consules
804 1504 1064 1553 epulabantur
1091 1510 1129 1541 et
1157 1504 1197 1540 in
1224 1502 1515 1540 coniuratorum

188 1570 445 1618 gratulatione
481 1570 744 1614 versabantur,
782 1582 871 1606 cum
911 1569 1007 1605 alter
1041 1581 1081 1605 se
1115 1568 1308 1606 Catilinae
1342 1567 1513 1615 delicias,

187 1637 281 1672 alter
311 1635 474 1683 Cethegi
503 1634 784 1672 consobrinum
814 1634 931 1671 fuisse
959 1634 1115 1671 diceret.
1178 1635 1296 1670 Hanc
1323 1647 1395 1682 ego
1424 1635 1511 1680 vim,
1534 1640 1576 1680 63

188 1699 402 1750 pontifices,
428 1701 502 1737 hoc
531 1700 669 1744 scelus,
694 1700 799 1736 hunc
828 1700 997 1736 furorem
1026 1712 1114 1736 meo
1141 1712 1304 1747 corpore
1332 1698 1515 1748 opposito

186 1765 236 1802 ab
257 1765 434 1802 omnium
451 1766 644 1802 bonorum
660 1764 877 1802 cervicibus
899 1763 1043 1813 depuli,
1061 1777 1302 1813 omnemque
1324 1762 1514 1812 impeturn

129 1846 168 1878 25
187 1830 480 1877 discordiarum,
498 1844 656 1868 omnem
675 1831 742 1867 diu
765 1831 985 1866 conlectam
1008 1831 1085 1866 vim
1107 1828 1389 1878 improborum,
1414 1841 1515 1877 quae

188 1895 397 1932 inveterata
411 1908 637 1944 compresso
654 1896 748 1932 odio
764 1903 882 1943 atque
900 1894 1018 1931 tacito
1034 1894 1109 1930 iam
1127 1893 1357 1942 erumpebat
1372 1901 1515 1930 nancta

187 1969 264 1998 tam
298 1960 457 1997 audacis
486 1961 618 2005 duces,
647 1961 781 2008 excepi
810 1972 898 1996 meo
923 1972 1097 2008 corpore.
1158 1959 1204 1994 In
1230 1972 1291 1995 me
1321 1972 1400 1994 uno
1425 1971 1514 1994 con-

187 2026 330 2062 sulares
353 2026 456 2062 faces
480 2024 602 2062 iactae
628 2024 810 2061 manibus
836 2023 1064 2068 tribuniciis⁷
1090 2022 1127 2059 in
1157 2036 1219 2059 me
1247 2022 1388 2067 omnia,
1413 2035 1513 2071 quae

230 2139 248 2168 5
274 2130 580 2167 internecivumque
613 2129 725 2158 Cracv.
754 2127 854 2167 (Phil.
888 2128 953 2161 xiv,
977 2130 990 2164 ξ
1011 2127 1068 2165 7);
1104 2127 1358 2165 innocivomque
1383 2126 1432 2156 P:
1466 2126 1511 2155 in-

186 2174 412 2212 testinumque
429 2172 499 2202 ΒΣΙ
515 2175 542 2201 cl
559 2172 622 2202 rell.
779 2173 799 2200 6
824 2171 1022 2200 exscindere
1049 2169 1181 2200 Manat.
1203 2181 1209 2199 z
1241 2170 1399 2208 excipere
1421 2169 1510 2199 codd.

186 2228 206 2255 9
231 2217 360 2246 videtur
376 2216 558 2255 Angelius:
586 2216 756 2245 videretur
773 2214 862 2244 codd.
966 2224 1002 2251 13
1027 2214 1152 2243 scilicet
1170 2223 1229 2243 eos
1245 2212 1400 2242 consules
1417 2223 1512 2242 voca-

187 2261 264 2289 bant
280 2260 436 2298 scripsi&
452 2269 512 2297 91;
534 2258 579 2290 CI.
599 2258 663 2298 Qu.
681 2259 720 2288 iv.
742 2259 816 2295 1735
835 2269 842 2288 ι
863 2258 910 2288 sic
929 2257 1019 2286 enim
1033 2257 1237 2287 vocabantur
1253 2255 1353 2287 Reid:
1375 2261 1511 2285 senatus

189 2303 342 2333 consules
371 2303 534 2332 vocabant
561 2301 594 2332 P
617 2302 680 2332 rell.
704 2305 831 2341 praeter
859 2300 929 2330 GM
953 2303 1103 2339 (senatus
1135 2299 1285 2329 consulta
1317 2299 1510 2329 volabantssz

187 2351 338 2376 senatum
352 2346 506 2376 consules
520 2346 684 2375 vocabant
700 2355 780 2374 *non
794 2344 906 2374 vocab.
917 2343 1083 2381 Naegclsb.
1094 2345 1104 2373 i
1116 2343 1184 2374 edd.
1203 2354 1272 2373 msc,
1288 2342 1386 2372 ‘'Sesl.
1405 2344 1485 2380 §41³2
1504 2353 1510 2370 τ

190 2394 340 2419 sectores
363 2390 563 2419 advolabant
582 2389 678 2418 Rau:
703 2397 839 2418 sarraca
862 2387 1083 2417 convolabant
1102 2386 1235 2416 Mada:
1260 2391 1414 2416 cenatum
1433 2396 1510 2415 con-

188 2433 277 2463 sules
296 2434 459 2463 vocabant
478 2433 586 2462 Halm
683 2432 724 2460 226
750 2431 870 2461 nanctfi'
888 2430 937 2460 P:
965 2436 1093 2460 nactam
1114 2429 1162 2459 G:
1190 2430 1221 2458 in
1240 2434 1346 2458 actum
1366 2427 1512 2457 P2BHkt
