1774 2782
239 141 286 177 24

245 571 285 611 64

234 1157 283 1192 25

243 1352 280 1392 65

238 1806 280 1837 66

310 134 350 174 63
670 130 724 165 M.
761 129 928 164 TVLLI
965 126 1270 165 CICERONIS

308 252 380 287 ego
397 239 598 288 quondam
621 239 868 283 rettuderam,
887 235 1167 274 coniurationis
1189 235 1335 274 nefaria
1357 237 1432 274 tela
1447 236 1632 274 adhaese-

307 312 407 342 runt.
477 304 597 351 Quod
639 302 681 348 si,
714 310 755 339 ut
787 301 917 339 multis
949 300 1167 338 fortissimis
1197 300 1285 338 viris
1328 299 1483 350 placuit,
1516 299 1552 336 vi
1595 307 1632 337 et

305 368 421 405 armis
463 376 598 405 contra
628 368 705 405 vim
737 367 937 404 decertare
967 365 1190 412 voluissem,
1222 373 1288 403 aut
1320 364 1498 403 vicissem
1541 377 1631 401 cum

307 446 446 481 magna
477 432 743 470 internecione
786 430 1069 480 improborum,
1102 431 1171 467 sed
1214 438 1346 467 tamen
1378 428 1533 476 civium,
1565 436 1632 466 aut

306 496 516 534 interfectis
538 496 653 533 bonis
674 495 872 541 omnibus,
896 495 1004 544 quod
1027 494 1099 531 illis
1121 494 1411 543 optatissimum
1439 501 1530 539 erat,
1555 506 1632 530 una

305 574 395 598 cum
422 575 460 599 re
484 560 643 610 publica
664 559 936 598 concidissem.
997 558 1193 596 Videbam
1225 560 1313 596 vivo
1344 565 1479 595 senatu
1511 570 1633 607 popu-

304 627 421 675 loque
444 628 628 663 Romano
650 626 815 663 celerem
835 624 931 661 mihi
953 637 1106 661 summa
1128 636 1217 661 cum
1240 622 1428 672 dignitate
1450 624 1630 668 reditum,

304 705 377 729 nec
407 691 681 740 intellegebam
704 689 784 727 fieri
807 689 952 727 diutius
974 702 1089 738 posse
1112 697 1153 726 ut
1175 687 1270 725 mihi
1292 700 1373 725 non
1394 688 1526 725 liceret
1547 700 1632 725 esse

304 756 344 794 in
358 770 402 794 ea
423 770 461 794 re
482 756 640 806 publica
662 768 781 805 quam
798 753 881 804 ipse
898 767 1123 792 servassem.
1190 754 1310 801 Quod
1333 752 1363 790 si
1384 766 1464 790 non
1486 752 1628 799 liceret,

303 821 503 859 audieram
532 828 569 858 et
591 822 758 870 legeram
781 819 1016 857 clarissimos
1038 827 1192 856 nostrae
1214 817 1379 856 civitatis
1404 817 1504 855 viros
1526 831 1567 855 se
1593 817 1630 854 in

304 886 455 924 medios
477 886 599 924 hostis
629 887 679 923 ad
710 886 956 935 perspicuam
987 891 1153 921 mortem
1186 897 1256 933 pro
1287 884 1410 921 salute
1441 882 1630 920 exercitus

304 951 507 990 iniecisse:
539 964 611 1001 ego
636 964 705 1000 pro
734 952 856 988 salute
885 951 1087 987 universae
1116 949 1169 987 rei
1200 948 1381 999 publicae
1410 948 1630 987 dubitarem

304 1018 379 1054 hoc
422 1017 581 1055 meliore
612 1016 847 1054 condicione
890 1029 975 1053 esse
1015 1028 1133 1065 quam
1177 1014 1302 1060 Decii,
1336 1015 1444 1064 quod
1488 1013 1542 1051 illi
1582 1027 1632 1051 ne

302 1082 499 1120 auditores
530 1082 690 1131 quidem
722 1095 814 1119 suae
844 1080 1000 1130 gloriae,
1034 1094 1106 1129 ego
1147 1081 1264 1118 etiam
1296 1087 1490 1128 spectator
1521 1092 1631 1116 meae

303 1146 428 1184 laudis
461 1159 545 1184 esse
575 1146 820 1195 potuissem?
876 1146 1016 1194 Itaque
1045 1146 1229 1182 infractus
1255 1145 1359 1181 furor
1389 1152 1477 1181 tuus
1503 1143 1630 1181 inanis

303 1211 467 1249 faciebat
496 1212 692 1261 impetu53
722 1224 880 1249 omnem
910 1210 1015 1247 enim
1043 1210 1121 1247 vim
1147 1209 1323 1247 omnium
1354 1210 1630 1246 sceleratorum

302 1277 492 1315 acerbitas
535 1277 610 1314 mei
643 1290 755 1314 casus
787 1283 1016 1325 exceperat;
1057 1288 1137 1312 non
1169 1282 1248 1311 erat
1279 1273 1317 1311 in
1348 1282 1427 1312 tam
1469 1273 1629 1311 immani

304 1342 440 1379 iniuria
463 1342 657 1391 tantisque
678 1341 797 1378 ruinis
820 1354 944 1378 novae
965 1340 1183 1378 crudelitati
1206 1341 1327 1377 locus.
1387 1340 1486 1378 Cato
1508 1340 1631 1376 fuerat

303 1409 510 1456 proximus.
572 1407 679 1455 Quid
700 1408 866 1456 ageres?
895 1419 975 1443 non
997 1414 1076 1444 erat
1098 1414 1149 1452 ut,
1176 1406 1242 1454 qui
1266 1406 1406 1442 modus
1429 1404 1629 1442 amoribus

304 1474 436 1518 suerat,
470 1472 575 1510 idem
616 1480 716 1510 esset
748 1471 919 1508 iniuriae.
995 1470 1103 1519 Quid
1133 1472 1308 1520 posses?
1346 1471 1548 1508 extrudere
1577 1470 1628 1507 ad

304 1539 487 1587 Cypriam
517 1537 760 1586 pecuniam?
830 1537 979 1574 Praeda
1010 1535 1174 1586 perierit.
1250 1535 1338 1572 Alia
1369 1548 1447 1572 non
1479 1534 1629 1580 deerit;

303 1602 394 1639 hinc
417 1604 537 1640 modo
558 1603 832 1639 amandandus
854 1610 922 1639 est.
983 1603 1045 1639 Sic
1069 1603 1124 1639 M.
1142 1602 1243 1640 Cato
1264 1600 1409 1638 invisus
1431 1600 1540 1649 quasi
1563 1614 1629 1650 per

303 1668 537 1705 beneficium
569 1668 742 1716 Cyprum
772 1668 971 1716 relegatur.
1035 1666 1240 1704 Eiciuntur
1261 1667 1352 1712 duo,
1376 1679 1475 1715 quos
1498 1665 1628 1703 videre

302 1732 469 1782 improbi
490 1746 570 1770 non
592 1740 782 1782 poterant,
807 1734 902 1770 alter
928 1746 995 1781 per
1017 1733 1207 1770 honorem
1232 1731 1509 1780 turpissimum,
1533 1733 1628 1769 alter

302 1811 369 1847 per
413 1797 728 1835 honestissimam
765 1797 1039 1835 calamitatem.
1114 1799 1246 1846 Atque
1290 1804 1331 1834 ut
1373 1796 1503 1834 sciatis
1547 1810 1626 1834 non

303 1862 527 1900 hominibus
558 1862 673 1900 istum
705 1863 774 1901 sed
806 1863 1012 1900 virtutibus
1043 1863 1198 1899 hostem
1230 1875 1383 1911 semper
1413 1861 1540 1909 fuisse,
1565 1875 1627 1900 me

347 1977 358 1995 1
383 1968 572 1997 retuderam
587 1966 640 1996 Mt
656 1966 781 2005 (rotud.
801 1967 849 2005 H,
868 1967 1006 1997 contud.
1019 1967 1053 2005 k>
1071 1977 1077 1996 z
1103 1965 1317 1995 retunderam
1332 1964 1395 1994 PB
1464 1975 1482 2002 5
1508 1964 1624 1995 eratk:

302 2010 417 2040 suisset
436 2010 495 2049 Lg,
513 2021 554 2048 9:
576 2020 639 2040 om.
660 2010 723 2040 rell.
753 2024 756 2027 ·
841 2020 877 2039 12
903 2010 1089 2039 dubitarem
1108 2010 1175 2049 (me
1193 2009 1358 2038 devovere
1376 2006 1445 2047 qui)
1466 2009 1528 2037 hoe
1547 2008 1621 2038 mel.

301 2054 395 2083 cond.
417 2063 524 2083 essem
543 2054 620 2082 coni.
642 2052 752 2083 Halm
928 2063 965 2092 19
998 2053 1170 2082 amoribus
1188 2052 1324 2092 scripsi:
1350 2051 1496 2081 moribus
1513 2051 1601 2081 codd.
1618 2062 1624 2082 z

302 2096 385 2126 odiis
402 2097 446 2127 A.
470 2096 503 2127 C.
524 2096 631 2127 Clark.
683 2097 789 2127 Locus
804 2097 892 2127 varie
909 2097 1121 2126 emendatus:
1148 2096 1235 2134 quod
1250 2105 1370 2134 ageres
1388 2105 1456 2125 non
1473 2099 1545 2125 erat
1559 2094 1622 2124 nisi

301 2147 335 2169 ut
358 2140 413 2178 qui
439 2140 517 2169 mihi
543 2141 609 2170 dux
635 2140 788 2170 omnibus
815 2141 846 2169 in
872 2141 972 2170 rebus
1001 2140 1110 2170 fuerat
1140 2140 1227 2169 idem
1250 2138 1360 2169 socius
1377 2142 1466 2168 esset
1482 2138 1624 2167 iniuriae

300 2183 440 2213 Lamb.:
472 2183 560 2221 Quid
588 2186 729 2222 ageres?
762 2194 828 2214 non
856 2189 926 2213 erat
959 2189 993 2214 ut
1024 2184 1079 2222 qui
1113 2183 1191 2212 mihi
1220 2182 1331 2212 socius
1363 2181 1488 2211 laboris
1516 2181 1623 2211 suerat

300 2227 387 2256 idem
405 2232 495 2256 esset
512 2228 653 2256 iniuriae
670 2227 784 2258 Muell.
884 2238 926 2257 20
950 2228 1060 2265 Quid?
1085 2236 1205 2266 posses
1219 2230 1271 2256 etc.
1285 2226 1372 2256 Bait.
1479 2234 1519 2254 22
1545 2225 1624 2254 hinc

300 2271 399 2300 modo
417 2271 643 2300 amandandus
661 2276 711 2300 est
730 2269 843 2300 Muell.
863 2281 869 2299 τ
893 2272 980 2300 hunc
999 2271 1097 2300 modo
1114 2270 1328 2300 amandatum
1353 2279 1429 2298 esse
1445 2268 1480 2298 in
1498 2279 1564 2307 mg.
1584 2268 1602 2296 b
1617 2279 1623 2297 ε

300 2313 383 2343 hanc
407 2314 506 2343 modo
530 2315 691 2344 amandas
714 2324 788 2343 esse
808 2313 912 2344 P¹H2
934 2315 1018 2345 hanc
1039 2314 1139 2344 modo
1164 2313 1358 2342 amandatas
1388 2313 1456 2350 (-is‚
1475 2322 1519 2350 -o,
1541 2313 1622 2347 -am)

300 2366 374 2386 esse
399 2357 462 2387 rell.
486 2359 746 2389 (amandandam
769 2358 799 2395 k,
824 2362 853 2387 et
877 2368 943 2397 mg.
962 2360 1007 2398 c):
1033 2358 1120 2387 hunc
1147 2357 1245 2386 modo
1270 2355 1489 2386 amandemus
1509 2354 1623 2384 Madv.

300 2400 444 2440 invisus]
464 2400 586 2430 invitus
604 2400 725 2431 Lami),

1653 505 1670 536 5

1654 832 1690 855 10

1650 1487 1691 1508 20

1650 1815 1685 1845 ²5
