1774 2782
236 161 279 199 15
299 167 338 199 37
391 152 607 207 ORATIO
631 151 765 190 POST
789 150 1056 188 REDITVM
1080 149 1141 186 IN
1163 148 1383 186 SENATV
1405 148 1624 185 HABITA

296 262 341 300 C.
372 260 536 306 Metelli,
563 261 796 304 consulares,
823 271 904 296 non
931 271 1066 296 eorum
1097 257 1218 304 liberi,
1249 271 1329 295 non
1360 258 1410 306 Q.
1439 258 1625 295 Metellus

297 327 443 375 Nepos,
470 325 534 373 qui
566 332 648 361 tum
679 324 926 361 consulatum
956 321 1126 371 petebat,
1154 334 1233 359 non
1264 321 1430 367 Luculli,
1463 321 1624 367 Servilii,

295 389 510 440 Scipiones,
540 388 789 425 Metellarum
821 386 886 423 filii
913 387 1049 424 flentes
1079 399 1125 424 ac
1153 385 1341 424 sordidati
1371 387 1519 436 populo
1548 387 1626 424 Ro-

295 467 414 492 mano
445 452 787 503 supplicaverunt,
826 452 894 489 sed
929 465 1030 489 unus
1058 453 1181 498 frater,
1216 451 1282 501 qui
1316 453 1354 489 in
1389 465 1452 489 me
1481 452 1626 502 pietate

296 520 407 565 filius,
441 517 612 557 consiliis
647 530 797 567 parens,
829 530 972 562 amore,
1005 524 1047 554 ut
1077 524 1168 561 erat,
1201 517 1315 556 frater
1343 516 1525 555 inventus
1555 525 1623 564 est,
1647 536 1664 567 5

296 586 475 634 squalore
505 591 543 621 et
567 583 734 620 lacrimis
763 589 800 619 et
827 581 1035 620 cotidianis
1063 581 1245 632 precibus
1277 582 1516 621 desiderium
1549 583 1626 621 mei

297 649 466 688 nominis
499 647 674 687 renovari
715 654 751 684 et
788 660 915 684 rerum
949 654 1144 696 gestarum
1185 647 1416 686 memoriam
1451 648 1626 698 usurpari

296 714 433 764 coegit.
494 713 572 762 Qui
607 726 696 750 curn
731 712 937 757 statuisset,
968 711 1040 749 nisi
1071 725 1140 761 per
1168 726 1238 751 vos
1267 726 1331 752 me
1361 715 1625 762 reciperasset,

296 781 463 818 eandem
481 778 609 817 subire
632 779 827 816 fortunam
845 784 963 825 atque
984 776 1089 814 idem
1108 777 1182 815 sibi
1204 778 1449 816 domicilium
1472 786 1509 816 et
1525 778 1627 817 vitae

295 853 333 883 et
364 845 498 882 mortis
533 845 758 892 deposcere,
792 850 922 880 tamen
958 855 1176 892 numquam
1209 857 1282 881 nec
1313 843 1625 892 magnitudinem
1649 861 1689 884 10

295 910 426 960 negoti
457 922 530 947 nec
560 907 814 946 solitudinem
842 920 953 945 suam
985 921 1058 945 nec
1086 907 1163 945 vim
1195 907 1443 946 inimicorum
1474 922 1521 947 ac
1551 911 1628 948 tela

296 974 504 1025 pertimuit.
565 975 673 1011 Alter
708 972 779 1010 fuit
810 980 1076 1022 propugnator
1111 986 1285 1010 mearum
1316 974 1559 1012 fortunarum
1589 982 1628 1013 et

296 1042 479 1079 defensor
502 1038 702 1083 adsiduus,
731 1050 885 1075 summa
906 1036 1046 1075 virtute
1071 1044 1108 1075 et
1134 1037 1288 1087 pietate,
1312 1037 1356 1077 C.
1382 1038 1473 1076 Piso
1496 1051 1626 1088 gener,

294 1105 360 1154 qui
387 1106 511 1142 minas
540 1102 789 1140 inimicorum
817 1115 1008 1149 meorum,
1031 1102 1097 1151 qui
1123 1102 1346 1140 inimicitias
1371 1103 1513 1141 adfinis
1538 1103 1625 1150 mei,

294 1169 503 1220 propinqui
536 1168 605 1215 sui,
641 1167 824 1214 consulis,
860 1167 926 1217 qui
963 1170 1135 1205 Pontum
1175 1175 1212 1205 et
1249 1167 1473 1217 Bithyniam
1513 1181 1627 1218 quae·
1652 1183 1689 1214 15

295 1244 373 1274 stor
402 1248 493 1285 prae
523 1248 611 1272 mea
642 1235 765 1271 salute
796 1232 975 1282 neglexit.
1038 1232 1147 1270 Nihil
1176 1245 1365 1282 umquam
1396 1241 1554 1272 senatus
1579 1235 1629 1272 de

295 1303 336 1339 P.
361 1300 515 1350 Popilio
535 1298 717 1344 decrevit,
742 1311 961 1347 numquam
990 1297 1029 1335 in
1054 1299 1130 1335 hoc
1152 1297 1289 1336 ordine
1313 1299 1363 1336 de
1389 1299 1438 1346 Q.
1464 1299 1629 1336 Metello

295 1366 443 1404 mentio
465 1367 565 1403 facta
586 1372 665 1402 est:
698 1363 916 1401 tribuniciis
938 1370 1029 1401 sunt
1052 1363 1103 1400 illi
1127 1362 1394 1412 rogationibus
1417 1363 1629 1401 interfectis

294 1431 461 1469 inimicis
479 1430 651 1479 denique
672 1428 850 1475 restituti,
869 1441 959 1466 cum
981 1430 1077 1466 alter
1098 1441 1233 1466 eorum
1256 1427 1407 1466 senatui
1424 1428 1627 1478 paruisset,

294 1498 390 1535 alter
410 1496 488 1533 vim
510 1496 753 1543 caedemque
775 1493 945 1543 fugisset.
999 1495 1102 1532 Nam
1125 1495 1168 1533 C.
1193 1493 1353 1543 quidem
1377 1493 1537 1540 Marius,
1562 1493 1628 1543 qui
1650 1506 1691 1529 20

295 1564 368 1600 hac
389 1561 596 1599 hominurn
614 1559 803 1597 memoria
821 1559 956 1597 tertius
972 1567 1063 1597 ante
1084 1573 1146 1597 me
1163 1558 1378 1597 consularis
1395 1566 1629 1608 tempestate

295 1626 395 1665 civili
427 1627 608 1675 expulsus
638 1632 705 1670 est,
736 1638 817 1661 non
847 1625 968 1662 modo
997 1638 1020 1662 a
1048 1632 1185 1662 senatu
1215 1637 1295 1662 non
1327 1632 1384 1662 est
1415 1624 1627 1670 restitutus,

297 1693 365 1730 sed
392 1690 518 1729 reditu
543 1704 614 1728 suo
642 1697 822 1728 senatum
848 1697 1036 1727 cunctum
1066 1703 1191 1739 paene
1218 1688 1372 1727 delevit.
1434 1690 1552 1726 Nulla
1580 1690 1630 1727 de

297 1756 370 1794 illis
398 1755 692 1805 magistratuum
720 1755 941 1800 consensio,
966 1756 1072 1793 nulla
1092 1756 1143 1793 ad
1167 1768 1249 1792 rem
1270 1753 1469 1804 publicam
1499 1755 1629 1792 defen-

297 1822 468 1859 dendam
499 1819 633 1869 populi
668 1819 840 1857 Romani
873 1819 1117 1865 convocatio,
1151 1820 1281 1857 nullus
1318 1819 1454 1856 Italiae
1485 1826 1626 1865 motus,
1652 1829 1689 1860 25

236 1899 277 1932 39
298 1887 404 1923 nulla
417 1887 573 1923 decreta
587 1884 890 1933 municipiorum
906 1893 944 1923 et
958 1884 1201 1924 coloniarum
1216 1883 1455 1923 exstiterunt.
1472 1885 1564 1931 Qua
1576 1897 1627 1929 re,

297 1963 386 1988 cum
413 1963 475 1987 me
496 1957 621 1987 vestra
645 1950 855 1987 auctoritas
885 1950 1110 1997 arcessierit,
1141 1951 1311 2000 populus
1340 1951 1546 1987 Romanus
1567 1962 1630 1987 vo-

298 2015 402 2062 carit,
425 2028 484 2053 res
509 2014 666 2064 publica
688 2017 913 2068 implorarit,
939 2019 1052 2057 Italia
1077 2026 1219 2057 cuncta
1239 2030 1365 2067 paene
1386 2016 1464 2054 suis
1486 2017 1629 2053 umeris

298 2079 510 2130 reportarit,
530 2093 610 2117 non
627 2084 882 2131 committam,
902 2093 1029 2134 patres
1047 2083 1267 2133 conscripti,
1288 2090 1341 2129 ut,
1359 2095 1450 2120 cum
1472 2094 1518 2119 ea
1533 2080 1629 2118 mihi

300 2146 377 2184 Sint
401 2146 577 2184 restituta
598 2164 698 2199 quae
720 2151 757 2189 in
784 2160 976 2201 potestate
999 2165 1086 2190 mea
1105 2164 1185 2188 non
1207 2151 1374 2195 fuerunt,
1398 2161 1443 2186 ea
1464 2160 1544 2185 non
1566 2147 1631 2183 ha-
1651 2153 1692 2184 30

300 2213 415 2250 beam
434 2226 534 2262 quae
556 2216 637 2267 ipse
660 2226 852 2268 praestare
870 2218 1027 2267 possim,
1048 2216 1273 2267 praesertim
1296 2229 1386 2254 cum
1409 2214 1473 2251 illa
1489 2212 1631 2250 amissa

299 2277 555 2329 reciperarim‚
579 2282 760 2321 virtutem
782 2290 819 2322 et
841 2284 959 2321 fidem
981 2295 1198 2332 numquam
1221 2279 1429 2319 amiserim.

341 2391 362 2420 3
379 2381 594 2412 Metellarum
614 2380 746 2412 Manus.
766 2393 773 2411 :
799 2391 907 2412 —orum
925 2380 1013 2412 codd.
1094 2381 1114 2410 8
1132 2389 1192 2419 per
1205 2388 1267 2410 vos
1284 2389 1337 2409 me
1351 2378 1474 2410 Hbff's:
1501 2387 1553 2407 me
1571 2386 1632 2415 per

298 2434 360 2455 vos
377 2437 391 2455 ε
407 2437 413 2457 :
432 2436 484 2456 me
496 2436 560 2457 om.
574 2424 680 2457 Prell.
775 2434 814 2456 10
832 2426 1016 2465 deposcere
1030 2423 1143 2455 Madv.
1161 2435 1166 2456 :
1186 2427 1272 2454 -eret
1289 2422 1377 2454 codd.
1469 2430 1509 2460 27
1521 2429 1631 2452 arces-

299 2469 393 2499 sierit.
412 2481 424 2499 ε
442 2469 520 2500 Par.
543 2479 626 2508 7774
642 2481 649 2500 τ
674 2469 853 2500 arcesserit
871 2468 995 2500 PBH:
1020 2467 1212 2500 accersierit
1232 2465 1325 2498 Gb²cs
