<?xml version="1.0" encoding="UTF-8"?>
<!DOCTYPE html PUBLIC "-//W3C//DTD XHTML 1.0 Transitional//EN"
    "http://www.w3.org/TR/xhtml1/DTD/xhtml1-transitional.dtd">
<html xmlns="http://www.w3.org/1999/xhtml" xml:lang="en" lang="en">
 <head>
  <title>
</title>
<meta http-equiv="Content-Type" content="text/html;charset=utf-8" />
  <meta name='ocr-system' content='tesseract 3.04.00' />
  <meta name='ocr-capabilities' content='ocr_page ocr_carea ocr_par ocr_line ocrx_word'/>
</head>
<body>
  <div class='ocr_page' id='page_1' title='image "./orationesrecogno05ciceuoft_0114.png"; bbox 0 0 1774 2782; ppageno 0'>
   <div class='ocr_carea' id='block_1_1' title="bbox 276 138 1273 178">
    <p class='ocr_par' dir='ltr' id='par_1_1' title="bbox 276 138 1273 178">
     <span class='ocr_line' id='line_1_1' title="bbox 276 138 1273 178; baseline -0.003 0"><span class='ocrx_word' id='word_1_1' title='bbox 276 153 292 178; x_wconf 95' lang='lat'>1</span> <span class='ocrx_word' id='word_1_2' title='bbox 315 156 329 176; x_wconf 87' lang='lat'><strong>2</strong></span> <span class='ocrx_word' id='word_1_3' title='bbox 676 138 732 174; x_wconf 88' lang='lat' dir='ltr'>M.</span> <span class='ocrx_word' id='word_1_4' title='bbox 764 139 933 175; x_wconf 83' lang='lat' dir='ltr'>TVLLI</span> <span class='ocrx_word' id='word_1_5' title='bbox 967 138 1273 176; x_wconf 86' lang='lat' dir='ltr'>CICERONIS</span> 
     </span>
    </p>
   </div>
   <div class='ocr_carea' id='block_1_2' title="bbox 260 245 1700 2250">
    <p class='ocr_par' dir='ltr' id='par_1_2' title="bbox 311 245 1678 740">
     <span class='ocr_line' id='line_1_2' title="bbox 311 245 1641 297; baseline 0 -11"><span class='ocrx_word' id='word_1_6' title='bbox 311 249 500 296; x_wconf 83' lang='lat' dir='ltr'>derioque</span> <span class='ocrx_word' id='word_1_7' title='bbox 541 245 703 284; x_wconf 87' lang='lat' dir='ltr'>Pisonis.</span> <span class='ocrx_word' id='word_1_8' title='bbox 780 247 903 285; x_wconf 88' lang='lat' dir='ltr'>Cuius</span> <span class='ocrx_word' id='word_1_9' title='bbox 939 259 1012 296; x_wconf 87' lang='lat' dir='ltr'>ego</span> <span class='ocrx_word' id='word_1_10' title='bbox 1046 247 1096 284; x_wconf 89' lang='lat' dir='ltr'>de</span> <span class='ocrx_word' id='word_1_11' title='bbox 1135 248 1336 285; x_wconf 80' lang='lat' dir='ltr'><strong>ecfrenato</strong></span> <span class='ocrx_word' id='word_1_12' title='bbox 1368 254 1406 285; x_wconf 91' lang='lat' dir='ltr'>et</span> <span class='ocrx_word' id='word_1_13' title='bbox 1439 246 1641 297; x_wconf 81' lang='lat' dir='ltr'>praecipiti</span> 
     </span>
     <span class='ocr_line' id='line_1_3' title="bbox 312 311 1640 361; baseline 0 -11"><span class='ocrx_word' id='word_1_14' title='bbox 312 314 439 350; x_wconf 85' lang='lat' dir='ltr'>furore</span> <span class='ocrx_word' id='word_1_15' title='bbox 472 311 567 361; x_wconf 86' lang='lat' dir='ltr'>quid</span> <span class='ocrx_word' id='word_1_16' title='bbox 603 311 763 348; x_wconf 87' lang='lat' dir='ltr'>dicam?</span> <span class='ocrx_word' id='word_1_17' title='bbox 833 313 901 348; x_wconf 75' lang='lat' dir='ltr'>An</span> <span class='ocrx_word' id='word_1_18' title='bbox 932 318 1063 360; x_wconf 89' lang='lat' dir='ltr'>potest</span> <span class='ocrx_word' id='word_1_19' title='bbox 1093 311 1334 361; x_wconf 84' lang='lat' dir='ltr'>gravioribus</span> <span class='ocrx_word' id='word_1_20' title='bbox 1361 325 1383 350; x_wconf 88' lang='lat' dir='ltr'>a</span> <span class='ocrx_word' id='word_1_21' title='bbox 1415 325 1478 350; x_wconf 89' lang='lat' dir='ltr'>me</span> <span class='ocrx_word' id='word_1_22' title='bbox 1513 312 1640 351; x_wconf 90' lang='lat' dir='ltr'>verbis</span> 
     </span>
     <span class='ocr_line' id='line_1_4' title="bbox 312 375 1637 427; baseline 0.002 -14"><span class='ocrx_word' id='word_1_23' title='bbox 312 376 502 414; x_wconf 84' lang='lat' dir='ltr'>vulnerari</span> <span class='ocrx_word' id='word_1_24' title='bbox 527 390 646 425; x_wconf 85' lang='lat' dir='ltr'>quam</span> <span class='ocrx_word' id='word_1_25' title='bbox 677 382 735 413; x_wconf 82' lang='lat' dir='ltr'>est</span> <span class='ocrx_word' id='word_1_26' title='bbox 764 375 896 414; x_wconf 85' lang='lat' dir='ltr'>statim</span> <span class='ocrx_word' id='word_1_27' title='bbox 925 377 963 413; x_wconf 92' lang='lat' dir='ltr'>in</span> <span class='ocrx_word' id='word_1_28' title='bbox 991 375 1096 414; x_wconf 85' lang='lat' dir='ltr'>facto</span> <span class='ocrx_word' id='word_1_29' title='bbox 1126 378 1212 426; x_wconf 91' lang='lat' dir='ltr'>ipso</span> <span class='ocrx_word' id='word_1_30' title='bbox 1240 391 1263 415; x_wconf 86' lang='lat' dir='ltr'>a</span> <span class='ocrx_word' id='word_1_31' title='bbox 1291 377 1520 427; x_wconf 78' lang='lat' dir='ltr'>gravissimo</span> <span class='ocrx_word' id='word_1_32' title='bbox 1545 377 1637 426; x_wconf 87' lang='lat' dir='ltr'>viro,</span> 
     </span>
     <span class='ocr_line' id='line_1_5' title="bbox 313 440 1640 488; baseline 0.002 -10"><span class='ocrx_word' id='word_1_33' title='bbox 313 443 353 478; x_wconf 89' lang='lat' dir='ltr'>P.</span> <span class='ocrx_word' id='word_1_34' title='bbox 387 441 559 488; x_wconf 77' lang='lat' dir='ltr'>Servilio,</span> <span class='ocrx_word' id='word_1_35' title='bbox 592 442 795 479; x_wconf 86' lang='lat' dir='ltr'>confectus</span> <span class='ocrx_word' id='word_1_36' title='bbox 825 455 871 479; x_wconf 88' lang='lat' dir='ltr'>ac</span> <span class='ocrx_word' id='word_1_37' title='bbox 901 440 1148 479; x_wconf 87' lang='lat' dir='ltr'>trucidatus?</span> <span class='ocrx_word' id='word_1_38' title='bbox 1176 441 1288 480; x_wconf 87' lang='lat' dir='ltr'>cuius</span> <span class='ocrx_word' id='word_1_39' title='bbox 1317 442 1349 479; x_wconf 82' lang='lat' dir='ltr'>si</span> <span class='ocrx_word' id='word_1_40' title='bbox 1379 442 1455 480; x_wconf 88' lang='lat' dir='ltr'>iam</span> <span class='ocrx_word' id='word_1_41' title='bbox 1488 444 1566 480; x_wconf 90' lang='lat' dir='ltr'>vim</span> <span class='ocrx_word' id='word_1_42' title='bbox 1602 451 1640 481; x_wconf 90' lang='lat' dir='ltr'>et</span> 
     </span>
     <span class='ocr_line' id='line_1_6' title="bbox 311 505 1678 557; baseline 0.002 -14"><span class='ocrx_word' id='word_1_43' title='bbox 311 508 537 557; x_wconf 82' lang='lat' dir='ltr'>gravitatem</span> <span class='ocrx_word' id='word_1_44' title='bbox 578 507 684 543; x_wconf 90' lang='lat' dir='ltr'>illam</span> <span class='ocrx_word' id='word_1_45' title='bbox 723 505 958 556; x_wconf 75' lang='lat' dir='ltr'>singularem</span> <span class='ocrx_word' id='word_1_46' title='bbox 1006 519 1052 544; x_wconf 88' lang='lat' dir='ltr'>ac</span> <span class='ocrx_word' id='word_1_47' title='bbox 1100 520 1225 556; x_wconf 86' lang='lat' dir='ltr'>paene</span> <span class='ocrx_word' id='word_1_48' title='bbox 1263 506 1435 545; x_wconf 82' lang='lat' dir='ltr'>divinam</span> <span class='ocrx_word' id='word_1_49' title='bbox 1474 508 1678 557; x_wconf 84' lang='lat' dir='ltr'>adsequi5</span> 
     </span>
     <span class='ocr_line' id='line_1_7' title="bbox 313 571 1639 622; baseline 0 -12"><span class='ocrx_word' id='word_1_50' title='bbox 313 585 481 622; x_wconf 82' lang='lat' dir='ltr'>possem,</span> <span class='ocrx_word' id='word_1_51' title='bbox 507 580 638 610; x_wconf 91' lang='lat' dir='ltr'>tamen</span> <span class='ocrx_word' id='word_1_52' title='bbox 662 585 741 609; x_wconf 93' lang='lat' dir='ltr'>non</span> <span class='ocrx_word' id='word_1_53' title='bbox 764 571 904 610; x_wconf 86' lang='lat' dir='ltr'>dubito</span> <span class='ocrx_word' id='word_1_54' title='bbox 930 573 1026 620; x_wconf 84' lang='lat' dir='ltr'>quin</span> <span class='ocrx_word' id='word_1_55' title='bbox 1048 585 1094 610; x_wconf 83' lang='lat' dir='ltr'>ea</span> <span class='ocrx_word' id='word_1_56' title='bbox 1115 573 1189 609; x_wconf 87' lang='lat' dir='ltr'>tela</span> <span class='ocrx_word' id='word_1_57' title='bbox 1212 585 1313 622; x_wconf 83' lang='lat' dir='ltr'>quae</span> <span class='ocrx_word' id='word_1_58' title='bbox 1340 572 1551 611; x_wconf 86' lang='lat' dir='ltr'>coniecerit</span> <span class='ocrx_word' id='word_1_59' title='bbox 1573 572 1639 610; x_wconf 90' lang='lat' dir='ltr'>ini-</span> 
     </span>
     <span class='ocr_line' id='line_1_8' title="bbox 313 636 1640 687; baseline 0.002 -13"><span class='ocrx_word' id='word_1_60' title='bbox 313 636 439 674; x_wconf 83' lang='lat' dir='ltr'>micus</span> <span class='ocrx_word' id='word_1_61' title='bbox 472 650 591 686; x_wconf 85' lang='lat' dir='ltr'>quam</span> <span class='ocrx_word' id='word_1_62' title='bbox 621 650 667 674; x_wconf 87' lang='lat' dir='ltr'>ea</span> <span class='ocrx_word' id='word_1_63' title='bbox 703 650 804 686; x_wconf 83' lang='lat' dir='ltr'>quae</span> <span class='ocrx_word' id='word_1_64' title='bbox 835 637 1001 686; x_wconf 84' lang='lat' dir='ltr'>conlega</span> <span class='ocrx_word' id='word_1_65' title='bbox 1034 636 1153 686; x_wconf 86' lang='lat' dir='ltr'>patris</span> <span class='ocrx_word' id='word_1_66' title='bbox 1186 636 1314 674; x_wconf 77' lang='lat' dir='ltr'>emisit</span> <span class='ocrx_word' id='word_1_67' title='bbox 1345 636 1490 675; x_wconf 84' lang='lat' dir='ltr'>leviora</span> <span class='ocrx_word' id='word_1_68' title='bbox 1518 644 1640 687; x_wconf 87' lang='lat' dir='ltr'>atque</span> 
     </span>
     <span class='ocr_line' id='line_1_9' title="bbox 314 702 877 740; baseline 0.002 -1"><span class='ocrx_word' id='word_1_69' title='bbox 314 702 517 740; x_wconf 73' lang='lat' dir='ltr'>hebetiora</span> <span class='ocrx_word' id='word_1_70' title='bbox 547 714 631 739; x_wconf 76' lang='lat' dir='ltr'>esse</span> <span class='ocrx_word' id='word_1_71' title='bbox 662 703 877 740; x_wconf 80' lang='lat' dir='ltr'>videantur.</span> 
     </span>
    </p>

    <p class='ocr_par' dir='ltr' id='par_1_3' title="bbox 260 766 1700 2250">
     <span class='ocr_line' id='line_1_10' title="bbox 366 766 1640 818; baseline 0.001 -13"><span class='ocrx_word' id='word_1_72' title='bbox 366 768 444 805; x_wconf 88' lang='lat' dir='ltr'>Sed</span> <span class='ocrx_word' id='word_1_73' title='bbox 467 775 595 804; x_wconf 86' lang='lat' dir='ltr'>tamen</span> <span class='ocrx_word' id='word_1_74' title='bbox 623 766 699 804; x_wconf 87' lang='lat' dir='ltr'>mei</span> <span class='ocrx_word' id='word_1_75' title='bbox 718 766 809 805; x_wconf 89' lang='lat' dir='ltr'>facti</span> <span class='ocrx_word' id='word_1_76' title='bbox 831 768 1023 805; x_wconf 86' lang='lat' dir='ltr'>rationem</span> <span class='ocrx_word' id='word_1_77' title='bbox 1054 780 1251 817; x_wconf 83' lang='lat' dir='ltr'>exponere</span> <span class='ocrx_word' id='word_1_78' title='bbox 1279 768 1352 805; x_wconf 86' lang='lat' dir='ltr'>illis</span> <span class='ocrx_word' id='word_1_79' title='bbox 1375 770 1464 807; x_wconf 83' lang='lat' dir='ltr'>volo</span> <span class='ocrx_word' id='word_1_80' title='bbox 1486 768 1553 818; x_wconf 87' lang='lat' dir='ltr'>qui</span> <span class='ocrx_word' id='word_1_81' title='bbox 1575 770 1640 807; x_wconf 83' lang='lat' dir='ltr'>he-</span> 
     </span>
     <span class='ocr_line' id='line_1_11' title="bbox 311 831 1700 884; baseline 0 -14"><span class='ocrx_word' id='word_1_82' title='bbox 311 840 444 870; x_wconf 84' lang='lat' dir='ltr'>sterno</span> <span class='ocrx_word' id='word_1_83' title='bbox 464 831 529 870; x_wconf 88' lang='lat' dir='ltr'>die</span> <span class='ocrx_word' id='word_1_84' title='bbox 549 833 686 870; x_wconf 78' lang='lat' dir='ltr'>dolore</span> <span class='ocrx_word' id='word_1_85' title='bbox 708 846 770 870; x_wconf 86' lang='lat' dir='ltr'>me</span> <span class='ocrx_word' id='word_1_86' title='bbox 787 834 935 870; x_wconf 86' lang='lat' dir='ltr'>elatum</span> <span class='ocrx_word' id='word_1_87' title='bbox 958 840 997 870; x_wconf 85' lang='lat' dir='ltr'>et</span> <span class='ocrx_word' id='word_1_88' title='bbox 1018 832 1222 871; x_wconf 76' lang='lat' dir='ltr'>iracundia</span> <span class='ocrx_word' id='word_1_89' title='bbox 1237 834 1391 882; x_wconf 80' lang='lat' dir='ltr'>longius</span> <span class='ocrx_word' id='word_1_90' title='bbox 1412 847 1535 883; x_wconf 90' lang='lat' dir='ltr'>prope</span> <span class='ocrx_word' id='word_1_91' title='bbox 1556 848 1639 884; x_wconf 87' lang='lat' dir='ltr'>pro·</span> <span class='ocrx_word' id='word_1_92' title='bbox 1662 849 1700 871; x_wconf 88' lang='lat'>10</span> 
     </span>
     <span class='ocr_line' id='line_1_12' title="bbox 310 897 1639 948; baseline 0.002 -13"><span class='ocrx_word' id='word_1_93' title='bbox 310 911 485 948; x_wconf 83' lang='lat' dir='ltr'>gressum</span> <span class='ocrx_word' id='word_1_94' title='bbox 503 897 791 935; x_wconf 74' lang='lat' dir='ltr'>arbitrabantur</span> <span class='ocrx_word' id='word_1_95' title='bbox 809 911 930 947; x_wconf 86' lang='lat' dir='ltr'>quam</span> <span class='ocrx_word' id='word_1_96' title='bbox 952 898 1139 947; x_wconf 80' lang='lat' dir='ltr'>sapientis</span> <span class='ocrx_word' id='word_1_97' title='bbox 1159 897 1331 935; x_wconf 86' lang='lat' dir='ltr'>hominis</span> <span class='ocrx_word' id='word_1_98' title='bbox 1350 900 1520 948; x_wconf 83' lang='lat' dir='ltr'>cogitata</span> <span class='ocrx_word' id='word_1_99' title='bbox 1541 900 1639 937; x_wconf 85' lang='lat' dir='ltr'>ratio</span> 
     </span>
     <span class='ocr_line' id='line_1_13' title="bbox 310 961 1639 1012; baseline 0.001 -11"><span class='ocrx_word' id='word_1_100' title='bbox 310 964 557 1012; x_wconf 69' lang='lat' dir='ltr'>postulasset.</span> <span class='ocrx_word' id='word_1_101' title='bbox 616 962 723 1000; x_wconf 82' lang='lat' dir='ltr'>Nihil</span> <span class='ocrx_word' id='word_1_102' title='bbox 752 964 825 1000; x_wconf 89' lang='lat' dir='ltr'>feci</span> <span class='ocrx_word' id='word_1_103' title='bbox 851 962 980 1008; x_wconf 81' lang='lat' dir='ltr'>iratus,</span> <span class='ocrx_word' id='word_1_104' title='bbox 1004 962 1102 1000; x_wconf 89' lang='lat' dir='ltr'>nihil</span> <span class='ocrx_word' id='word_1_105' title='bbox 1129 961 1337 1012; x_wconf 84' lang='lat' dir='ltr'>impotenti</span> <span class='ocrx_word' id='word_1_106' title='bbox 1368 965 1513 1011; x_wconf 88' lang='lat' dir='ltr'>animo,</span> <span class='ocrx_word' id='word_1_107' title='bbox 1542 964 1639 1002; x_wconf 82' lang='lat' dir='ltr'>nihil</span> 
     </span>
     <span class='ocr_line' id='line_1_14' title="bbox 310 1028 1638 1079; baseline 0.001 -13"><span class='ocrx_word' id='word_1_108' title='bbox 310 1042 391 1067; x_wconf 91' lang='lat' dir='ltr'>non</span> <span class='ocrx_word' id='word_1_109' title='bbox 413 1028 481 1066; x_wconf 89' lang='lat' dir='ltr'>diu</span> <span class='ocrx_word' id='word_1_110' title='bbox 501 1029 793 1066; x_wconf 83' lang='lat' dir='ltr'>consideratum</span> <span class='ocrx_word' id='word_1_111' title='bbox 814 1042 859 1065; x_wconf 87' lang='lat' dir='ltr'>ac</span> <span class='ocrx_word' id='word_1_112' title='bbox 882 1029 1007 1065; x_wconf 88' lang='lat' dir='ltr'>multo</span> <span class='ocrx_word' id='word_1_113' title='bbox 1026 1036 1120 1066; x_wconf 88' lang='lat' dir='ltr'>ante</span> <span class='ocrx_word' id='word_1_114' title='bbox 1141 1029 1386 1066; x_wconf 89' lang='lat' dir='ltr'>meditatum.</span> <span class='ocrx_word' id='word_1_115' title='bbox 1428 1030 1513 1079; x_wconf 84' lang='lat' dir='ltr'>Ego</span> <span class='ocrx_word' id='word_1_116' title='bbox 1532 1029 1638 1068; x_wconf 91' lang='lat' dir='ltr'>enim</span> 
     </span>
     <span class='ocr_line' id='line_1_15' title="bbox 311 1092 1637 1143; baseline 0.002 -13"><span class='ocrx_word' id='word_1_117' title='bbox 311 1107 385 1140; x_wconf 89' lang='lat' dir='ltr'>me,</span> <span class='ocrx_word' id='word_1_118' title='bbox 415 1101 543 1142; x_wconf 84' lang='lat' dir='ltr'>patres</span> <span class='ocrx_word' id='word_1_119' title='bbox 570 1092 794 1142; x_wconf 78' lang='lat' dir='ltr'>conscripti,</span> <span class='ocrx_word' id='word_1_120' title='bbox 819 1092 1023 1130; x_wconf 91' lang='lat' dir='ltr'>inimicum</span> <span class='ocrx_word' id='word_1_121' title='bbox 1049 1106 1204 1142; x_wconf 78' lang='lat' dir='ltr'>semper</span> <span class='ocrx_word' id='word_1_122' title='bbox 1223 1106 1308 1130; x_wconf 89' lang='lat' dir='ltr'>esse</span> <span class='ocrx_word' id='word_1_123' title='bbox 1331 1094 1527 1143; x_wconf 88' lang='lat' dir='ltr'>professus</span> <span class='ocrx_word' id='word_1_124' title='bbox 1548 1108 1637 1132; x_wconf 87' lang='lat' dir='ltr'>sum</span> 
     </span>
     <span class='ocr_line' id='line_1_16' title="bbox 309 1158 1697 1208; baseline 0.001 -12"><span class='ocrx_word' id='word_1_125' title='bbox 309 1159 478 1205; x_wconf 85' lang='lat' dir='ltr'>duobus,</span> <span class='ocrx_word' id='word_1_126' title='bbox 497 1159 563 1208; x_wconf 80' lang='lat' dir='ltr'>qui</span> <span class='ocrx_word' id='word_1_127' title='bbox 585 1171 658 1205; x_wconf 88' lang='lat' dir='ltr'>me,</span> <span class='ocrx_word' id='word_1_128' title='bbox 677 1159 743 1207; x_wconf 86' lang='lat' dir='ltr'>qui</span> <span class='ocrx_word' id='word_1_129' title='bbox 766 1171 846 1196; x_wconf 90' lang='lat' dir='ltr'>rem</span> <span class='ocrx_word' id='word_1_130' title='bbox 869 1158 1068 1207; x_wconf 79' lang='lat' dir='ltr'>publicam</span> <span class='ocrx_word' id='word_1_131' title='bbox 1089 1172 1180 1195; x_wconf 89' lang='lat' dir='ltr'>cum</span> <span class='ocrx_word' id='word_1_132' title='bbox 1203 1159 1415 1196; x_wconf 86' lang='lat' dir='ltr'>defendere</span> <span class='ocrx_word' id='word_1_133' title='bbox 1436 1159 1636 1208; x_wconf 87' lang='lat' dir='ltr'>deberent,</span> <span class='ocrx_word' id='word_1_134' title='bbox 1662 1172 1697 1204; x_wconf 84' lang='lat'>15</span> 
     </span>
     <span class='ocr_line' id='line_1_17' title="bbox 309 1223 1637 1275; baseline 0.002 -14"><span class='ocrx_word' id='word_1_135' title='bbox 309 1237 460 1262; x_wconf 76' lang='lat' dir='ltr'>servare</span> <span class='ocrx_word' id='word_1_136' title='bbox 481 1230 653 1273; x_wconf 77' lang='lat' dir='ltr'>possent,</span> <span class='ocrx_word' id='word_1_137' title='bbox 677 1237 848 1273; x_wconf 80' lang='lat' dir='ltr'>cumque</span> <span class='ocrx_word' id='word_1_138' title='bbox 868 1225 920 1262; x_wconf 87' lang='lat' dir='ltr'>ad</span> <span class='ocrx_word' id='word_1_139' title='bbox 941 1225 1147 1261; x_wconf 87' lang='lat' dir='ltr'>consulare</span> <span class='ocrx_word' id='word_1_140' title='bbox 1169 1223 1340 1261; x_wconf 86' lang='lat' dir='ltr'>officium</span> <span class='ocrx_word' id='word_1_141' title='bbox 1369 1223 1461 1274; x_wconf 87' lang='lat' dir='ltr'>ipsis</span> <span class='ocrx_word' id='word_1_142' title='bbox 1482 1223 1637 1275; x_wconf 80' lang='lat' dir='ltr'>insigni-</span> 
     </span>
     <span class='ocr_line' id='line_1_18' title="bbox 308 1288 1637 1338; baseline 0.002 -11"><span class='ocrx_word' id='word_1_143' title='bbox 308 1289 383 1327; x_wconf 87' lang='lat' dir='ltr'>bus</span> <span class='ocrx_word' id='word_1_144' title='bbox 411 1289 511 1327; x_wconf 87' lang='lat' dir='ltr'>illius</span> <span class='ocrx_word' id='word_1_145' title='bbox 540 1288 688 1338; x_wconf 81' lang='lat' dir='ltr'>imperi,</span> <span class='ocrx_word' id='word_1_146' title='bbox 711 1290 762 1326; x_wconf 91' lang='lat' dir='ltr'>ad</span> <span class='ocrx_word' id='word_1_147' title='bbox 788 1303 916 1327; x_wconf 86' lang='lat' dir='ltr'>meam</span> <span class='ocrx_word' id='word_1_148' title='bbox 947 1290 1113 1326; x_wconf 85' lang='lat' dir='ltr'>salutem</span> <span class='ocrx_word' id='word_1_149' title='bbox 1142 1302 1222 1327; x_wconf 89' lang='lat' dir='ltr'>non</span> <span class='ocrx_word' id='word_1_150' title='bbox 1251 1289 1378 1327; x_wconf 85' lang='lat' dir='ltr'>solum</span> <span class='ocrx_word' id='word_1_151' title='bbox 1406 1289 1637 1329; x_wconf 85' lang='lat' dir='ltr'>auctoritate</span> 
     </span>
     <span class='ocr_line' id='line_1_19' title="bbox 308 1352 1633 1404; baseline -0.001 -11"><span class='ocrx_word' id='word_1_152' title='bbox 308 1356 378 1393; x_wconf 83' lang='lat' dir='ltr'>sed</span> <span class='ocrx_word' id='word_1_153' title='bbox 413 1354 529 1392; x_wconf 84' lang='lat' dir='ltr'>etiam</span> <span class='ocrx_word' id='word_1_154' title='bbox 566 1353 747 1403; x_wconf 83' lang='lat' dir='ltr'>precibus</span> <span class='ocrx_word' id='word_1_155' title='bbox 782 1353 918 1392; x_wconf 82' lang='lat' dir='ltr'>vestris</span> <span class='ocrx_word' id='word_1_156' title='bbox 952 1362 1195 1401; x_wconf 83' lang='lat' dir='ltr'>vocarentur,</span> <span class='ocrx_word' id='word_1_157' title='bbox 1223 1352 1351 1403; x_wconf 91' lang='lat' dir='ltr'>primo</span> <span class='ocrx_word' id='word_1_158' title='bbox 1384 1354 1633 1404; x_wconf 86' lang='lat' dir='ltr'>reliquerunt,</span> 
     </span>
     <span class='ocr_line' id='line_1_20' title="bbox 307 1419 1636 1469; baseline -0.001 -11"><span class='ocrx_word' id='word_1_159' title='bbox 307 1419 454 1458; x_wconf 90' lang='lat' dir='ltr'>deinde</span> <span class='ocrx_word' id='word_1_160' title='bbox 495 1419 765 1468; x_wconf 87' lang='lat' dir='ltr'>prodiderunt,</span> <span class='ocrx_word' id='word_1_161' title='bbox 806 1427 1006 1468; x_wconf 81' lang='lat' dir='ltr'>postremo</span> <span class='ocrx_word' id='word_1_162' title='bbox 1044 1425 1333 1469; x_wconf 82' lang='lat' dir='ltr'>oppugnarunt,</span> <span class='ocrx_word' id='word_1_163' title='bbox 1375 1419 1636 1469; x_wconf 82' lang='lat' dir='ltr'>praemiisque</span> 
     </span>
     <span class='ocr_line' id='line_1_21' title="bbox 307 1484 1698 1535; baseline -0.001 -13"><span class='ocrx_word' id='word_1_164' title='bbox 307 1485 476 1524; x_wconf 87' lang='lat' dir='ltr'>nefariae</span> <span class='ocrx_word' id='word_1_165' title='bbox 502 1485 694 1535; x_wconf 88' lang='lat' dir='ltr'>pactionis</span> <span class='ocrx_word' id='word_1_166' title='bbox 725 1485 902 1523; x_wconf 86' lang='lat' dir='ltr'>funditus</span> <span class='ocrx_word' id='word_1_167' title='bbox 926 1498 1005 1522; x_wconf 91' lang='lat' dir='ltr'>una</span> <span class='ocrx_word' id='word_1_168' title='bbox 1031 1498 1121 1522; x_wconf 88' lang='lat' dir='ltr'>cum</span> <span class='ocrx_word' id='word_1_169' title='bbox 1149 1499 1189 1522; x_wconf 88' lang='lat' dir='ltr'>re</span> <span class='ocrx_word' id='word_1_170' title='bbox 1218 1484 1375 1534; x_wconf 88' lang='lat' dir='ltr'>publica</span> <span class='ocrx_word' id='word_1_171' title='bbox 1404 1498 1634 1534; x_wconf 88' lang='lat' dir='ltr'>oppressum</span> <span class='ocrx_word' id='word_1_172' title='bbox 1657 1499 1698 1520; x_wconf 88' lang='lat'>20</span> 
     </span>
     <span class='ocr_line' id='line_1_22' title="bbox 307 1549 1635 1599; baseline 0.001 -12"><span class='ocrx_word' id='word_1_173' title='bbox 307 1549 623 1599; x_wconf 85' lang='lat' dir='ltr'>exstinctumque</span> <span class='ocrx_word' id='word_1_174' title='bbox 655 1551 890 1597; x_wconf 78' lang='lat' dir='ltr'>voluerunt3</span> <span class='ocrx_word' id='word_1_175' title='bbox 930 1549 996 1599; x_wconf 83' lang='lat' dir='ltr'>qui</span> <span class='ocrx_word' id='word_1_176' title='bbox 1022 1563 1124 1599; x_wconf 83' lang='lat' dir='ltr'>quae</span> <span class='ocrx_word' id='word_1_177' title='bbox 1155 1563 1225 1587; x_wconf 85' lang='lat' dir='ltr'>suo</span> <span class='ocrx_word' id='word_1_178' title='bbox 1252 1550 1374 1587; x_wconf 85' lang='lat' dir='ltr'>ductu</span> <span class='ocrx_word' id='word_1_179' title='bbox 1404 1557 1442 1587; x_wconf 89' lang='lat' dir='ltr'>et</span> <span class='ocrx_word' id='word_1_180' title='bbox 1471 1549 1635 1599; x_wconf 88' lang='lat' dir='ltr'>imperio</span> 
     </span>
     <span class='ocr_line' id='line_1_23' title="bbox 307 1614 1636 1665; baseline 0.001 -13"><span class='ocrx_word' id='word_1_181' title='bbox 307 1623 470 1653; x_wconf 86' lang='lat' dir='ltr'>cruento</span> <span class='ocrx_word' id='word_1_182' title='bbox 491 1615 557 1653; x_wconf 91' lang='lat' dir='ltr'>illo</span> <span class='ocrx_word' id='word_1_183' title='bbox 583 1624 702 1665; x_wconf 81' lang='lat' dir='ltr'>atque</span> <span class='ocrx_word' id='word_1_184' title='bbox 727 1617 884 1653; x_wconf 86' lang='lat' dir='ltr'>funesto</span> <span class='ocrx_word' id='word_1_185' title='bbox 908 1614 1100 1664; x_wconf 89' lang='lat' dir='ltr'>supplicia</span> <span class='ocrx_word' id='word_1_186' title='bbox 1120 1628 1252 1664; x_wconf 81' lang='lat' dir='ltr'>neque</span> <span class='ocrx_word' id='word_1_187' title='bbox 1272 1628 1294 1652; x_wconf 89' lang='lat' dir='ltr'>a</span> <span class='ocrx_word' id='word_1_188' title='bbox 1314 1614 1511 1652; x_wconf 87' lang='lat' dir='ltr'>sociorum</span> <span class='ocrx_word' id='word_1_189' title='bbox 1533 1628 1636 1653; x_wconf 91' lang='lat' dir='ltr'>moe-</span> 
     </span>
     <span class='ocr_line' id='line_1_24' title="bbox 306 1679 1632 1729; baseline 0 -12"><span class='ocrx_word' id='word_1_190' title='bbox 306 1680 422 1717; x_wconf 85' lang='lat' dir='ltr'>nibus</span> <span class='ocrx_word' id='word_1_191' title='bbox 452 1680 662 1729; x_wconf 85' lang='lat' dir='ltr'>prohibere</span> <span class='ocrx_word' id='word_1_192' title='bbox 688 1693 819 1729; x_wconf 84' lang='lat' dir='ltr'>neque</span> <span class='ocrx_word' id='word_1_193' title='bbox 847 1680 1021 1718; x_wconf 86' lang='lat' dir='ltr'>hostium</span> <span class='ocrx_word' id='word_1_194' title='bbox 1047 1679 1212 1718; x_wconf 88' lang='lat' dir='ltr'>urbibus</span> <span class='ocrx_word' id='word_1_195' title='bbox 1243 1680 1383 1718; x_wconf 89' lang='lat' dir='ltr'>inferre</span> <span class='ocrx_word' id='word_1_196' title='bbox 1410 1687 1632 1729; x_wconf 88' lang='lat' dir='ltr'>potuerunt,</span> 
     </span>
     <span class='ocr_line' id='line_1_25' title="bbox 305 1745 1631 1795; baseline 0.001 -13"><span class='ocrx_word' id='word_1_197' title='bbox 305 1745 554 1792; x_wconf 85' lang='lat' dir='ltr'>excisionem,</span> <span class='ocrx_word' id='word_1_198' title='bbox 588 1745 951 1793; x_wconf 84' lang='lat' dir='ltr'>inflammationem,</span> <span class='ocrx_word' id='word_1_199' title='bbox 981 1745 1239 1791; x_wconf 87' lang='lat' dir='ltr'>eversionem,</span> <span class='ocrx_word' id='word_1_200' title='bbox 1268 1745 1631 1795; x_wconf 86' lang='lat' dir='ltr'>depopulationem,</span> 
     </span>
     <span class='ocr_line' id='line_1_26' title="bbox 306 1809 1692 1860; baseline 0.001 -13"><span class='ocrx_word' id='word_1_201' title='bbox 306 1810 536 1857; x_wconf 83' lang='lat' dir='ltr'>vastitatem,</span> <span class='ocrx_word' id='word_1_202' title='bbox 568 1824 615 1848; x_wconf 84' lang='lat' dir='ltr'>ea</span> <span class='ocrx_word' id='word_1_203' title='bbox 645 1825 713 1848; x_wconf 84' lang='lat' dir='ltr'>sua</span> <span class='ocrx_word' id='word_1_204' title='bbox 743 1824 834 1848; x_wconf 91' lang='lat' dir='ltr'>cum</span> <span class='ocrx_word' id='word_1_205' title='bbox 864 1811 1009 1860; x_wconf 85' lang='lat' dir='ltr'>praeda</span> <span class='ocrx_word' id='word_1_206' title='bbox 1038 1809 1136 1848; x_wconf 87' lang='lat' dir='ltr'>meis</span> <span class='ocrx_word' id='word_1_207' title='bbox 1159 1811 1346 1848; x_wconf 87' lang='lat' dir='ltr'>omnibus</span> <span class='ocrx_word' id='word_1_208' title='bbox 1374 1811 1485 1849; x_wconf 88' lang='lat' dir='ltr'>tectis</span> <span class='ocrx_word' id='word_1_209' title='bbox 1514 1818 1632 1860; x_wconf 85' lang='lat' dir='ltr'>atque</span> <span class='ocrx_word' id='word_1_210' title='bbox 1654 1822 1692 1854; x_wconf 86' lang='lat'>25</span> 
     </span>
     <span class='ocr_line' id='line_1_27' title="bbox 303 1875 1630 1926; baseline 0.002 -14"><span class='ocrx_word' id='word_1_211' title='bbox 303 1875 402 1925; x_wconf 79' lang='lat' dir='ltr'>agris</span> <span class='ocrx_word' id='word_1_212' title='bbox 425 1877 649 1914; x_wconf 86' lang='lat' dir='ltr'>intulerunt.</span> <span class='ocrx_word' id='word_1_213' title='bbox 702 1876 804 1915; x_wconf 91' lang='lat' dir='ltr'>Cum</span> <span class='ocrx_word' id='word_1_214' title='bbox 823 1876 882 1914; x_wconf 82' lang='lat' dir='ltr'>his</span> <span class='ocrx_word' id='word_1_215' title='bbox 904 1876 1010 1914; x_wconf 87' lang='lat' dir='ltr'>furiis</span> <span class='ocrx_word' id='word_1_216' title='bbox 1032 1883 1069 1914; x_wconf 88' lang='lat' dir='ltr'>et</span> <span class='ocrx_word' id='word_1_217' title='bbox 1085 1876 1248 1923; x_wconf 80' lang='lat' dir='ltr'>facibus,</span> <span class='ocrx_word' id='word_1_218' title='bbox 1265 1890 1355 1914; x_wconf 90' lang='lat' dir='ltr'>cum</span> <span class='ocrx_word' id='word_1_219' title='bbox 1371 1877 1441 1923; x_wconf 80' lang='lat' dir='ltr'>his,</span> <span class='ocrx_word' id='word_1_220' title='bbox 1458 1877 1630 1926; x_wconf 87' lang='lat' dir='ltr'>inquam,</span> 
     </span>
     <span class='ocr_line' id='line_1_28' title="bbox 303 1940 1631 1991; baseline 0.001 -14"><span class='ocrx_word' id='word_1_221' title='bbox 303 1940 475 1978; x_wconf 76' lang='lat' dir='ltr'>exitiosis</span> <span class='ocrx_word' id='word_1_222' title='bbox 503 1941 690 1991; x_wconf 80' lang='lat' dir='ltr'>prodigiis</span> <span class='ocrx_word' id='word_1_223' title='bbox 723 1955 769 1979; x_wconf 89' lang='lat' dir='ltr'>ac</span> <span class='ocrx_word' id='word_1_224' title='bbox 801 1955 928 1991; x_wconf 84' lang='lat' dir='ltr'>paene</span> <span class='ocrx_word' id='word_1_225' title='bbox 961 1940 1077 1979; x_wconf 88' lang='lat' dir='ltr'>huius</span> <span class='ocrx_word' id='word_1_226' title='bbox 1108 1940 1246 1991; x_wconf 90' lang='lat' dir='ltr'>imperi</span> <span class='ocrx_word' id='word_1_227' title='bbox 1277 1941 1454 1991; x_wconf 85' lang='lat' dir='ltr'>pestibus</span> <span class='ocrx_word' id='word_1_228' title='bbox 1484 1941 1631 1979; x_wconf 89' lang='lat' dir='ltr'>bellum</span> 
     </span>
     <span class='ocr_line' id='line_1_29' title="bbox 303 2005 1631 2056; baseline 0.001 -13"><span class='ocrx_word' id='word_1_229' title='bbox 303 2006 398 2043; x_wconf 87' lang='lat' dir='ltr'>mihi</span> <span class='ocrx_word' id='word_1_230' title='bbox 414 2005 651 2056; x_wconf 78' lang='lat' dir='ltr'>inexpiabile</span> <span class='ocrx_word' id='word_1_231' title='bbox 665 2006 755 2044; x_wconf 92' lang='lat' dir='ltr'>dico</span> <span class='ocrx_word' id='word_1_232' title='bbox 776 2020 862 2045; x_wconf 83' lang='lat' dir='ltr'>esse</span> <span class='ocrx_word' id='word_1_233' title='bbox 882 2015 1120 2056; x_wconf 85' lang='lat' dir='ltr'>susceptum,</span> <span class='ocrx_word' id='word_1_234' title='bbox 1139 2020 1269 2056; x_wconf 84' lang='lat' dir='ltr'>neque</span> <span class='ocrx_word' id='word_1_235' title='bbox 1290 2008 1330 2045; x_wconf 90' lang='lat' dir='ltr'>id</span> <span class='ocrx_word' id='word_1_236' title='bbox 1351 2015 1483 2045; x_wconf 87' lang='lat' dir='ltr'>tamen</span> <span class='ocrx_word' id='word_1_237' title='bbox 1503 2006 1631 2056; x_wconf 87' lang='lat' dir='ltr'>ipsum</span> 
     </span>
     <span class='ocr_line' id='line_1_30' title="bbox 303 2073 1630 2121; baseline 0.001 -13"><span class='ocrx_word' id='word_1_238' title='bbox 303 2078 454 2108; x_wconf 85' lang='lat' dir='ltr'>tantum</span> <span class='ocrx_word' id='word_1_239' title='bbox 491 2080 683 2121; x_wconf 83' lang='lat' dir='ltr'>quantum</span> <span class='ocrx_word' id='word_1_240' title='bbox 711 2085 822 2110; x_wconf 86' lang='lat' dir='ltr'>meus</span> <span class='ocrx_word' id='word_1_241' title='bbox 857 2085 905 2110; x_wconf 84' lang='lat' dir='ltr'>ac</span> <span class='ocrx_word' id='word_1_242' title='bbox 937 2085 1127 2118; x_wconf 86' lang='lat' dir='ltr'>meorum,</span> <span class='ocrx_word' id='word_1_243' title='bbox 1158 2073 1228 2109; x_wconf 88' lang='lat' dir='ltr'>sed</span> <span class='ocrx_word' id='word_1_244' title='bbox 1257 2079 1409 2109; x_wconf 87' lang='lat' dir='ltr'>tantum</span> <span class='ocrx_word' id='word_1_245' title='bbox 1439 2079 1630 2121; x_wconf 88' lang='lat' dir='ltr'>quantum</span> 
     </span>
     <span class='ocr_line' id='line_1_31' title="bbox 260 2136 1692 2185; baseline 0.001 -13"><span class='ocrx_word' id='word_1_246' title='bbox 260 2145 282 2182; x_wconf 90' lang='lat'><strong>3</strong></span> <span class='ocrx_word' id='word_1_247' title='bbox 302 2144 428 2174; x_wconf 87' lang='lat' dir='ltr'>vester</span> <span class='ocrx_word' id='word_1_248' title='bbox 443 2144 562 2185; x_wconf 81' lang='lat' dir='ltr'>atque</span> <span class='ocrx_word' id='word_1_249' title='bbox 582 2136 760 2174; x_wconf 79' lang='lat' dir='ltr'>oninium</span> <span class='ocrx_word' id='word_1_250' title='bbox 776 2137 972 2174; x_wconf 89' lang='lat' dir='ltr'>bonorum</span> <span class='ocrx_word' id='word_1_251' title='bbox 989 2137 1101 2174; x_wconf 91' lang='lat' dir='ltr'>dolor</span> <span class='ocrx_word' id='word_1_252' title='bbox 1115 2136 1337 2185; x_wconf 85' lang='lat' dir='ltr'>postulavit.</span> <span class='ocrx_word' id='word_1_253' title='bbox 1380 2138 1427 2173; x_wconf 91' lang='lat' dir='ltr'>In</span> <span class='ocrx_word' id='word_1_254' title='bbox 1442 2136 1629 2175; x_wconf 90' lang='lat' dir='ltr'>Clodium</span> <span class='ocrx_word' id='word_1_255' title='bbox 1652 2149 1692 2178; x_wconf 81' lang='lat'>30</span> 
     </span>
     <span class='ocr_line' id='line_1_32' title="bbox 302 2200 1630 2250; baseline 0.001 -12"><span class='ocrx_word' id='word_1_256' title='bbox 302 2214 393 2238; x_wconf 90' lang='lat' dir='ltr'>vero</span> <span class='ocrx_word' id='word_1_257' title='bbox 418 2215 498 2239; x_wconf 88' lang='lat' dir='ltr'>non</span> <span class='ocrx_word' id='word_1_258' title='bbox 525 2209 582 2239; x_wconf 87' lang='lat' dir='ltr'>est</span> <span class='ocrx_word' id='word_1_259' title='bbox 608 2202 727 2239; x_wconf 90' lang='lat' dir='ltr'>hodie</span> <span class='ocrx_word' id='word_1_260' title='bbox 752 2215 885 2239; x_wconf 89' lang='lat' dir='ltr'>meum</span> <span class='ocrx_word' id='word_1_261' title='bbox 919 2201 1043 2238; x_wconf 89' lang='lat' dir='ltr'>maius</span> <span class='ocrx_word' id='word_1_262' title='bbox 1067 2201 1203 2239; x_wconf 89' lang='lat' dir='ltr'>odium</span> <span class='ocrx_word' id='word_1_263' title='bbox 1230 2214 1348 2250; x_wconf 84' lang='lat' dir='ltr'>quam</span> <span class='ocrx_word' id='word_1_264' title='bbox 1382 2200 1449 2238; x_wconf 91' lang='lat' dir='ltr'>illo</span> <span class='ocrx_word' id='word_1_265' title='bbox 1471 2201 1534 2239; x_wconf 90' lang='lat' dir='ltr'>die</span> <span class='ocrx_word' id='word_1_266' title='bbox 1559 2203 1630 2239; x_wconf 86' lang='lat' dir='ltr'>fuit</span> 
     </span>
    </p>
   </div>
   <div class='ocr_carea' id='block_1_3' title="bbox 302 2304 1629 2434">
    <p class='ocr_par' dir='ltr' id='par_1_4' title="bbox 302 2304 1629 2434">
     <span class='ocr_line' id='line_1_33' title="bbox 350 2304 1629 2346; baseline 0.001 -11"><span class='ocrx_word' id='word_1_267' title='bbox 350 2316 361 2335; x_wconf 86' lang='lat'>1</span> <span class='ocrx_word' id='word_1_268' title='bbox 390 2306 516 2336; x_wconf 87' lang='lat' dir='ltr'>ecfren.</span> <span class='ocrx_word' id='word_1_269' title='bbox 531 2306 612 2336; x_wconf 82' lang='lat' dir='ltr'>PG:</span> <span class='ocrx_word' id='word_1_270' title='bbox 638 2306 756 2337; x_wconf 83' lang='lat' dir='ltr'>effren.</span> <span class='ocrx_word' id='word_1_271' title='bbox 772 2306 895 2337; x_wconf 62' lang='grc' dir='ltr'><em>ΒΗΘ-ί.</em></span> <span class='ocrx_word' id='word_1_272' title='bbox 937 2306 984 2346; x_wconf 74' lang='lat' dir='ltr'>Cf</span> <span class='ocrx_word' id='word_1_273' title='bbox 999 2308 1014 2343; x_wconf 64' lang='grc' dir='ltr'>ξ</span> <span class='ocrx_word' id='word_1_274' title='bbox 1031 2316 1071 2345; x_wconf 80' lang='lat'>52</span> <span class='ocrx_word' id='word_1_275' title='bbox 1142 2317 1160 2335; x_wconf 90' lang='lat'><strong>2</strong></span> <span class='ocrx_word' id='word_1_276' title='bbox 1185 2305 1239 2335; x_wconf 86' lang='lat' dir='ltr'>An</span> <span class='ocrx_word' id='word_1_277' title='bbox 1257 2304 1471 2345; x_wconf 79' lang='lat' dir='ltr'>scripsi(post</span> <span class='ocrx_word' id='word_1_278' title='bbox 1483 2305 1605 2342; x_wconf 63' lang='lat' dir='ltr'>dicam)</span> <span class='ocrx_word' id='word_1_279' title='bbox 1622 2317 1629 2336; x_wconf 77' lang='grc' dir='ltr'><strong><em>ι</em></strong></span> 
     </span>
     <span class='ocr_line' id='line_1_34' title="bbox 302 2347 1628 2389; baseline -0.002 -9"><span class='ocrx_word' id='word_1_280' title='bbox 302 2354 359 2380; x_wconf 86' lang='lat' dir='ltr'>aut</span> <span class='ocrx_word' id='word_1_281' title='bbox 376 2349 464 2380; x_wconf 83' lang='lat' dir='ltr'>codd.</span> <span class='ocrx_word' id='word_1_282' title='bbox 477 2350 556 2389; x_wconf 68' lang='lat' dir='ltr'>pler.</span> <span class='ocrx_word' id='word_1_283' title='bbox 573 2350 677 2389; x_wconf 31' lang='lat' dir='ltr'>&amp;haud</span> <span class='ocrx_word' id='word_1_284' title='bbox 691 2350 724 2387; x_wconf 74' lang='lat' dir='ltr'>k)</span> <span class='ocrx_word' id='word_1_285' title='bbox 745 2362 751 2380; x_wconf 90' lang='lat'>:</span> <span class='ocrx_word' id='word_1_286' title='bbox 777 2361 841 2380; x_wconf 78' lang='lat' dir='ltr'>om.</span> <span class='ocrx_word' id='word_1_287' title='bbox 861 2349 924 2380; x_wconf 81' lang='lat' dir='ltr'>PB</span> <span class='ocrx_word' id='word_1_288' title='bbox 1045 2360 1081 2388; x_wconf 87' lang='lat'>15</span> <span class='ocrx_word' id='word_1_289' title='bbox 1108 2360 1176 2379; x_wconf 90' lang='lat' dir='ltr'>rem</span> <span class='ocrx_word' id='word_1_290' title='bbox 1196 2360 1223 2388; x_wconf 88' lang='lat' dir='ltr'>p.</span> <span class='ocrx_word' id='word_1_291' title='bbox 1248 2348 1341 2378; x_wconf 82' lang='lat' dir='ltr'><em>GEt:</em></span> <span class='ocrx_word' id='word_1_292' title='bbox 1366 2359 1436 2378; x_wconf 87' lang='lat' dir='ltr'>rem</span> <span class='ocrx_word' id='word_1_293' title='bbox 1449 2347 1532 2378; x_wconf 83' lang='lat' dir='ltr'>PB:</span> <span class='ocrx_word' id='word_1_294' title='bbox 1558 2358 1628 2378; x_wconf 88' lang='lat' dir='ltr'>rem</span> 
     </span>
     <span class='ocr_line' id='line_1_35' title="bbox 302 2391 1513 2434; baseline -0.002 -12"><span class='ocrx_word' id='word_1_295' title='bbox 302 2403 409 2423; x_wconf 87' lang='lat' dir='ltr'>meam</span> <span class='ocrx_word' id='word_1_296' title='bbox 427 2391 536 2424; x_wconf 55' lang='lat' dir='ltr'>HM?</span> <span class='ocrx_word' id='word_1_297' title='bbox 681 2403 724 2423; x_wconf 87' lang='lat'>20</span> <span class='ocrx_word' id='word_1_298' title='bbox 748 2394 915 2432; x_wconf 83' lang='lat' dir='ltr'>pactionis</span> <span class='ocrx_word' id='word_1_299' title='bbox 932 2393 1120 2434; x_wconf 76' lang='lat' dir='ltr'>Naugerius</span> <span class='ocrx_word' id='word_1_300' title='bbox 1135 2394 1185 2433; x_wconf 73' lang='grc' dir='ltr'>(Ι)</span> <span class='ocrx_word' id='word_1_301' title='bbox 1202 2404 1208 2422; x_wconf 89' lang='lat'>:</span> <span class='ocrx_word' id='word_1_302' title='bbox 1234 2392 1386 2422; x_wconf 84' lang='lat' dir='ltr'>factionis</span> <span class='ocrx_word' id='word_1_303' title='bbox 1402 2392 1434 2422; x_wconf 90' lang='lat' dir='ltr'><em>P</em></span> <span class='ocrx_word' id='word_1_304' title='bbox 1449 2392 1513 2421; x_wconf 76' lang='lat' dir='ltr'>rell.</span> 
     </span>
    </p>
   </div>
  </div>
 </body>
</html>
