1774 2782
77 868 115 890 10

76 1520 117 1541 20

77 1846 113 1877 25

227 163 300 199 ni:
333 162 498 200 DOMO
528 162 629 198 sm
662 162 737 197 ixi)
772 160 1106 198 PON‘i‘ii‘icas
1138 161 1356 198 ORATIO
1411 167 1542 208 57146

134 278 299 310 tuentur.
342 272 471 318 Quem
491 283 579 307 cum
599 268 690 306 mihi
707 276 964 318 conspectum
982 277 1105 307 morte
1123 269 1243 318 magis
1256 269 1458 307 vitandum

134 335 443 385 fugiendumque
458 347 545 372 esse
563 332 737 380 videatis,
762 333 893 379 nolite,
914 347 1071 383 quaeso,
1091 348 1180 372 eum
1202 333 1311 371 cuius
1333 333 1458 372 reditu

134 400 349 439 restitutam
372 413 454 437 rem
478 398 674 448 publicam
702 400 784 437 fore
812 398 976 448 putastis
1004 412 1083 437 non
1111 400 1237 436 solum
1261 398 1459 448 dignitatis

134 463 386 510 ornamentis,
409 464 478 501 sed
499 462 616 501 etiam
640 463 746 501 urbis
769 463 915 513 patriae
937 477 1008 500 usu
1031 464 1128 501 velle
1150 476 1234 500 esse
1255 462 1458 511 privatum.

136 531 229 568 Non
257 542 320 567 me
344 528 538 566 bonorum
564 527 743 577 direptio,
769 541 849 565 non
882 535 1073 565 tectorum
1105 527 1259 573 excisio,
1283 541 1363 565 non
1393 529 1459 566 de·
1480 528 1531 574 58

134 593 337 644 populatio
357 592 616 642 praediorum,
636 606 717 631 non
735 593 880 642 praeda
896 593 1103 630 consulum
1121 605 1166 630 ex
1184 591 1278 630 meis
1296 593 1460 630 fortunis

134 657 402 696 crudelissime
431 665 546 706 capta
581 665 810 707 permovet:
856 658 1006 695 caduca
1040 670 1193 707 semper
1226 664 1264 695 et
1299 657 1461 695 mobilia

134 724 230 760 haec
257 736 341 760 esse
369 722 472 769 duxi,
501 735 580 760 non
609 722 759 760 virtutis
789 730 908 772 atque
940 721 1082 772 ingeni,
1109 723 1178 760 sed
1210 723 1388 761 fortunae
1423 731 1461 761 et

133 795 355 836 temporum
375 800 547 833 munera,
567 800 735 836 quorum
750 800 823 837 ego
837 800 917 825 non
935 795 1014 824 tam
1031 788 1251 825 facultatem
1270 801 1460 837 umquam

134 859 171 890 et
192 851 346 901 copiam
372 851 632 901 expetendam
659 850 792 901 putavi
821 865 939 900 quam
966 859 1003 889 et
1029 852 1067 888 in
1095 853 1244 889 utendo
1268 852 1459 891 rationem

134 924 171 955 et
192 917 231 954 in
253 918 425 954 carendo
445 916 685 966 patientiam.
747 916 905 954 Etenim
931 918 981 954 ad
1002 925 1178 955 nostrum
1203 931 1317 955 usum
1339 932 1461 968 prope

134 983 297 1020 modum
332 980 409 1018 iam
444 988 502 1019 est
535 981 697 1019 definita
732 981 951 1020 moderatio
991 981 1043 1019 rei
1083 982 1290 1029 familiaris,
1330 982 1461 1021 liberis

133 1055 264 1085 autem
286 1045 425 1084 nostris
446 1047 538 1084 satis
557 1048 732 1096 amplum
755 1046 1032 1096 patrimonium
1054 1049 1203 1097 paterni
1225 1047 1395 1086 nominis
1415 1062 1462 1086 ac

135 1112 347 1150 memoriae
368 1119 525 1149 nostrae
545 1112 812 1161 relinquemus
829 1127 835 1150 :
866 1113 988 1150 domo
1004 1125 1072 1162 per
1093 1114 1218 1151 scelus
1236 1122 1377 1163 erepta,
1394 1128 1462 1164 per

135 1175 384 1214 latrocinium
412 1184 616 1226 occupata,
649 1189 717 1225 per
746 1176 943 1226 religionis
977 1176 1055 1214 vim
1091 1178 1314 1216 sceleratius
1342 1177 1460 1216 etiam

133 1240 341 1279 aedificata
369 1253 487 1290 quam
518 1254 660 1288 eversa,
693 1254 823 1280 carere
853 1242 936 1280 sine
966 1242 1134 1280 maxima
1164 1242 1378 1292 ignominia
1408 1242 1461 1282 rei

134 1306 327 1355 publicae,
346 1319 436 1344 meo
452 1307 648 1345 dedecore
666 1320 712 1344 ac
734 1308 869 1345 dolore
890 1321 970 1345 non
988 1321 1159 1357 possum.
1212 1309 1461 1358 Quapropter

135 1370 165 1408 si
194 1370 255 1409 dis
285 1371 581 1418 immortalibus,
611 1371 642 1409 si
668 1372 831 1419 senatui,
859 1372 889 1410 si
914 1374 1062 1422 populo
1092 1375 1287 1420 Romano,
1315 1373 1344 1411 si
1370 1387 1462 1411 cun-

135 1444 221 1474 ctae
250 1436 398 1482 Italiae,
422 1437 452 1474 si
480 1436 701 1487 provinciis,
723 1437 753 1475 si
781 1437 919 1475 exteris
950 1437 1186 1484 nationibus,
1209 1438 1240 1477 si
1267 1438 1462 1477 vobismet

136 1501 240 1551 ipsis,
276 1502 343 1551 qui
378 1501 417 1539 in
448 1515 535 1541 mea
569 1503 693 1541 salute
727 1502 943 1552 principem
974 1516 1128 1554 semper
1161 1505 1292 1542 locum
1326 1512 1461 1543 aucto-

135 1566 369 1616 ritatemque
402 1567 592 1615 tenuistis,
621 1575 773 1617 gratum
809 1576 846 1606 et
880 1567 1098 1607 iucundum
1130 1583 1261 1607 meum
1291 1570 1461 1608 reditum

134 1631 356 1681 intellegitis
383 1647 479 1679 esse,
509 1646 657 1682 quaeso
683 1633 939 1683 obtestorque
964 1647 1043 1679 vos,
1071 1636 1288 1684 pontifices,
1315 1643 1356 1673 ut
1385 1650 1459 1683 me,

135 1710 251 1746 quem
273 1697 502 1735 auctoritate
524 1698 656 1736 studio
672 1697 874 1736 sententiis
891 1698 1120 1744 restituistis,
1139 1713 1255 1744 nunc,
1272 1700 1460 1749 quoniam

134 1769 290 1800 senatus
322 1763 372 1800 ita
407 1764 498 1810 vult,
530 1764 712 1802 manibus
743 1777 903 1813 quoque
933 1763 1069 1802 vestris
1099 1763 1138 1801 in
1169 1765 1329 1803 sedibus
1364 1765 1460 1804 meis

134 1826 359 1865 conlocetis.

180 1943 197 1969 4
218 1932 344 1970 patriae
363 1941 423 1961 usu
440 1932 566 1963 Halm:
591 1932 718 1972 patriae
738 1932 809 1962 visu
821 1932 920 1972 seep:
948 1932 1097 1972 patribus
1110 1932 1219 1962 PBw:
1242 1934 1392 1972 partibus
1404 1933 1460 1962 Hb

138 1975 200 2004 rrll.
219 1986 225 2004 :
253 1975 437 2014 parietibus
454 1975 473 2004 k
497 1976 594 2014 (urbe
613 1981 645 2005 et
664 1976 849 2014 parietibus
868 1976 1024 2012 Karsten)
1149 1985 1183 2014 15
1210 1976 1382 2014 religionis
1398 1977 1437 2005 bh
1454 1988 1460 2006 :

138 2017 280 2057 legionis
299 2017 339 2048 P¹
358 2030 363 2048 :
387 2018 568 2057 religiones
584 2019 628 2049 Ge
705 2020 770 2048 vim
790 2019 930 2048 PBku
945 2031 951 2048 z
969 2029 1041 2048 sum
1056 2020 1117 2049 Ge:
1135 2020 1281 2058 speciem
1297 2020 1458 2050 Momms.

1485 929 1546 963 147
