1774 2782
275 123 303 160 6
326 137 360 159 11
688 121 742 157 M.
775 120 941 156 TVLLI
975 118 1281 157 CICERONIS

265 1026 296 1046 [2

322 231 427 267 hunc
452 228 631 266 ordinem
656 227 855 265 referretis.
917 227 1137 264 Potestisne
1158 227 1297 263 referre
1322 226 1372 263 de
1400 238 1486 263 mea
1513 226 1644 271 domo,

323 307 433 344 quae,
471 302 512 331 ut
544 292 633 337 dixi,
671 293 753 329 sola
787 291 826 329 in
861 292 935 329 hac
967 291 1062 328 urbe
1095 290 1203 328 omni
1237 290 1423 340 religione
1462 290 1646 328 omnibus

322 359 475 395 iudiciis
505 357 667 394 liberata
696 357 782 393 est?
842 357 973 403 Quam
998 354 1167 403 primum
1192 354 1373 392 inimicus
1402 354 1485 404 ipse
1515 354 1555 392 in
1585 354 1649 391 illa

320 430 552 472 tempestate
568 435 613 458 ac
634 429 750 459 nocte
770 420 824 458 rei
845 419 1036 470 publicae,
1055 433 1144 457 cum
1163 428 1291 458 cetera
1311 421 1457 458 scelera
1477 419 1565 458 stilo
1582 421 1648 458 illo

321 487 475 536 impuro
497 488 582 524 Sex.
604 485 722 524 Clodi
753 498 819 522 ore
843 484 968 522 tincto
989 483 1294 534 conscripsisset,
1317 498 1366 522 ne
1387 498 1466 522 una
1486 486 1646 534 quidem
1667 498 1684 529 5

319 552 445 601 attigit
479 550 604 588 littera
634 549 853 599 religionis3
897 550 1042 588 deinde
1077 550 1246 587 eandem
1281 550 1445 587 domurn
1479 551 1647 599 populus

321 617 539 663 Romanus,
555 615 666 654 cuius
682 623 739 652 est
755 628 909 652 summa
930 622 1101 664 potestas
1121 615 1299 651 omnium
1322 628 1459 661 rerum,
1479 614 1647 653 comitiis

319 681 544 719 centuriatis
575 682 754 718 omnium
783 688 957 718 aetatum
989 680 1253 729 ordinumque
1287 679 1475 728 suffragiis
1505 680 1648 717 eodem

319 745 402 784 iure
431 760 515 784 esse
546 746 655 783 iussit
685 758 765 795 quo
796 745 957 793 fuisset3
987 753 1123 794 postea
1153 757 1233 790 vos,
1266 752 1394 794 patres
1422 743 1646 794 conscripti,

319 825 398 849 non
429 825 508 860 quo
538 810 660 849 dubia
689 824 748 848 rcs
778 818 892 856 esset,
920 810 989 847 sed
1019 817 1060 846 ut
1089 808 1180 846 huic
1211 808 1341 855 furiae,
1372 810 1402 846 si
1432 808 1579 847 diutius
1609 810 1648 847 in
1671 822 1708 843 10

318 877 392 914 hac
420 876 515 914 urbe
540 889 658 925 quam
687 877 819 914 delere
843 882 1002 924 cuperet
1030 881 1214 920 maneret,
1238 887 1313 911 vox
1340 874 1646 922 interdiceretur,

318 941 544 979 decrevistis
575 949 615 978 ut
647 942 696 979 de
727 954 901 978 mearum
931 940 1090 977 aedium
1118 938 1306 989 religione
1335 940 1386 977 ad
1414 940 1648 989 pontificum

319 1006 541 1056 conlegium
573 1008 787 1045 referretur.
857 1007 970 1054 Quae
999 1012 1107 1043 tanta
1138 1005 1273 1054 religio
1303 1012 1362 1042 est
1391 1018 1470 1054 qua
1498 1018 1580 1043 non
1608 1004 1648 1043 in

318 1071 459 1109 nostris
499 1071 813 1109 dubitationibus
850 1079 970 1119 atque
1009 1070 1049 1107 in
1088 1069 1266 1107 maximis
1306 1069 1648 1120 superstitionibus

319 1137 434 1174 unius
456 1138 495 1174 P.
516 1136 650 1175 Servili
667 1145 733 1174 aut
753 1138 808 1174 M.
830 1137 981 1173 Luculli
1004 1148 1193 1185 responso
1214 1149 1259 1172 ac
1275 1135 1395 1173 verbo
1412 1134 1649 1174 liberemur?
1670 1146 1707 1178 15

321 1203 383 1239 De
408 1202 523 1240 sacris
550 1201 728 1251 publicis,
752 1203 802 1239 de
826 1202 928 1238 ludis
957 1200 1148 1246 maximis,
1177 1201 1228 1238 de
1255 1201 1421 1238 deorum
1447 1201 1648 1250 penatium

319 1268 542 1317 Vestaeque
576 1267 707 1304 matris
737 1265 996 1312 caerimoniis,
1029 1266 1078 1303 de
1108 1266 1175 1303 illo
1205 1266 1291 1315 ipso
1320 1264 1511 1303 sacrificio
1539 1267 1648 1316 quod

320 1333 361 1369 fit
386 1346 455 1382 pro
483 1334 605 1370 salute
631 1331 765 1382 populi
792 1331 976 1377 Romam,
999 1331 1107 1379 quod
1134 1338 1222 1379 post
1252 1331 1422 1368 Romam
1447 1330 1647 1369 conditam

318 1397 433 1435 huius
469 1397 583 1434 unius
617 1396 713 1435 casti
747 1396 885 1434 tutoris
921 1396 1151 1445 religionum
1188 1396 1334 1433 scelere
1360 1395 1547 1434 violatum
1574 1404 1644 1442 est,

318 1464 425 1511 quod
448 1470 521 1500 tres
543 1462 749 1512 pontifices
778 1460 1014 1507 statuissent,
1038 1460 1078 1498 id
1105 1473 1260 1509 semper
1279 1462 1428 1510 populo
1450 1462 1645 1509 Romano,
1670 1475 1709 1496 20

319 1540 471 1576 semper
492 1528 655 1573 senatui,
672 1540 826 1575 semper
848 1525 940 1575 ipsis
961 1526 1021 1563 dis
1042 1524 1330 1563 immortalibus
1347 1525 1438 1564 satis
1455 1534 1645 1574 sanctum,

319 1591 410 1628 satis
441 1599 660 1641 augustum,
698 1590 790 1628 satis
820 1590 1044 1639 religiosum
1075 1602 1160 1627 esse
1189 1590 1315 1627 visum
1347 1598 1416 1628 est.
1474 1593 1528 1629 At
1557 1605 1648 1629 vero

319 1668 447 1693 meam
473 1657 636 1693 domum
666 1657 705 1692 P.
733 1656 935 1702 Lentulus,
958 1655 1097 1692 consul
1115 1661 1154 1692 et
1177 1654 1362 1703 pontifex,
1390 1657 1429 1693 P.
1453 1655 1645 1704 Servilius,

320 1722 378 1757 M.
412 1722 609 1767 Lucullus,
646 1722 694 1769 Q.
731 1721 927 1765 Metellus,
965 1721 1034 1757 M’.
1068 1718 1242 1765 Glabrio,
1279 1720 1334 1758 M.
1370 1721 1567 1768 Messalla,
1603 1722 1646 1759 L.

320 1787 521 1832 Lentulus,
553 1787 696 1823 flamen
727 1785 928 1832 Martialis,
963 1787 1005 1822 P.
1035 1784 1174 1829 Galba,
1208 1785 1256 1833 Q.
1285 1786 1472 1824 Metellus
1502 1786 1643 1836 Scipio,
1668 1801 1706 1832 25

320 1851 365 1889 C.
407 1850 590 1896 Fannius,
626 1852 681 1888 M.
718 1852 902 1900 Lepidus,
939 1850 983 1887 L.
1018 1848 1209 1888 Claudius
1245 1862 1310 1887 rex
1345 1864 1553 1899 sacrorum,
1587 1853 1644 1889 M.

320 1916 497 1961 Scaurus,
532 1917 585 1952 M.
620 1915 795 1962 Crassus,
829 1917 873 1954 C.
906 1915 1039 1962 Curio,
1071 1916 1156 1954 Sex.
1191 1914 1337 1954 Caesar
1375 1918 1517 1954 flamen
1554 1916 1648 1965 Qui-

318 1979 458 2027 rinalis,
487 1981 535 2028 Q.
561 1980 781 2026 Cornelius,
813 1983 853 2019 P.
885 1979 1168 2028 Albinovanus,
1198 1982 1247 2030 Q.
1275 1983 1493 2029 Terentius,
1523 1981 1647 2031 ponti-

318 2046 410 2083 fices
444 2046 624 2093 minores,
659 2060 778 2085 causa
809 2047 977 2096 cognita,
1013 2047 1169 2085 duobus
1201 2046 1297 2085 locis
1329 2046 1444 2092 dicta,
1480 2048 1645 2085 maxima

318 2110 538 2159 frequentia
563 2111 896 2160 amplissimorum
926 2124 972 2149 ac
1002 2111 1379 2160 sapientissimorum
1410 2110 1552 2148 civium
1581 2113 1645 2149 ad·
1669 2125 1708 2155 30

365 2223 400 2242 11
429 2213 511 2244 urbe
538 2214 715 2253 quicquam
748 2215 861 2245 delere
891 2221 1039 2254 cuperet,
1065 2226 1131 2245 vox
1156 2216 1278 2246 interd.
1305 2215 1418 2245 Madv.
1448 2215 1496 2249 (in
1523 2215 1553 2244 Ρ
1573 2220 1649 2255 post

318 2258 398 2286 urbe
416 2262 461 2287 cst
477 2259 622 2297 spatium
639 2268 792 2291 vacnum.
814 2264 965 2288 maneret
981 2270 1007 2288 s.
1020 2259 1044 2288 l.
1061 2258 1136 2289 add.
1157 2270 1200 2289 m.
1223 2262 1257 2291 2‘)
1364 2259 1647 2289 intercluderetur

318 2300 435 2330 Lamb.
454 2312 460 2330 z
486 2301 749 2340 interciperetur
769 2301 921 2332 Gulielm.
939 2313 944 2330 :
972 2302 1179 2332 incideretur
1198 2301 1383 2331 Gronovius
1528 2312 1564 2340 15
1590 2308 1646 2332 aut

317 2341 430 2374 Madv.
451 2355 457 2374 :
475 2354 513 2374 ac
523 2343 611 2374 codd.
674 2354 716 2375 20
731 2345 765 2375 id
779 2354 915 2384 semper
927 2345 967 2375 k:
986 2345 1072 2375 idem
1086 2355 1146 2384 per
1155 2344 1227 2374 PH
1238 2345 1300 2375 rell.
1312 2348 1441 2384 praeter
1454 2345 1514 2375 GE
1525 2346 1644 2386 (idem)
