1774 2782
227 125 277 160 24
299 131 333 161 5.
667 115 721 150 M.
755 115 922 151 TVLLI
955 112 1260 152 CICERONIS

227 1568 276 1605 25

240 1627 278 1657 ··=3

296 237 385 261 cuin
408 237 497 262 euin
521 224 564 262 C.
589 222 755 262 Glaucia
776 223 972 268 laudabat,
990 235 1039 259 an
1054 235 1143 259 cuni
1162 222 1333 260 eundem
1356 220 1472 258 iratus
1490 228 1625 268 postea

296 288 569 337 vituperabat?
637 289 700 324 An
731 287 794 324 ille
824 288 988 324 demens
1019 294 1057 323 et
1087 286 1163 323 iani
1193 285 1345 336 pridem
1375 285 1425 322 ad
1455 296 1624 334 poenam

296 352 538 401 exitiumque
555 364 741 401 praeceps
760 350 912 388 foedior
932 358 999 387 aut
1016 350 1255 399 inquinatior
1277 349 1315 386 in
1336 349 1410 388 Cn.
1434 349 1626 398 Pompeio

296 418 521 454 accusando
542 429 660 465 quani
684 416 721 453 in
745 415 927 453 universo
947 423 1085 452 senatu
1107 415 1367 463 vituperando
1387 413 1488 451 fuit?
1516 413 1625 462 quod

298 481 458 530 quidem
485 481 611 527 miror,
640 495 731 518 cuni
755 482 921 518 alterum
951 488 1104 529 gratum
1135 479 1183 517 sit
1208 479 1322 525 iratis,
1349 480 1512 516 alterum
1540 490 1625 515 esse
1645 493 1662 524 5

298 554 376 583 tam
402 545 516 583 bonis
540 545 691 582 civibus
713 558 793 581 non
821 544 1020 583 acerbum.
1081 545 1159 582 Sed
1186 558 1236 581 ne
1263 543 1303 581 id
1328 543 1429 580 viros
1456 542 1626 591 optimos

298 610 443 649 diutius
465 612 643 656 delectet,
668 611 798 659 legant
819 610 921 647 hanc
943 609 1025 647 eius
1047 609 1272 647 contionem
1296 610 1346 646 de
1367 621 1444 657 qua
1464 608 1628 656 loquor3

298 676 337 713 in
358 689 434 725 qua
452 675 685 725 Pompeium
706 683 939 721 ornat‚—an
955 674 1086 724 potius
1102 675 1295 712 deformat
1311 675 1328 712 ?
1357 680 1460 711 certe
1479 673 1624 720 laudat,

298 750 335 779 et
367 754 490 778 unum
522 754 607 778 esse
640 740 679 777 in
706 741 780 777 hac
807 739 965 778 civitate
996 739 1160 789 dignum
1188 738 1303 776 huius
1337 737 1476 788 imperi
1503 735 1627 788 gloria

298 806 403 852 dicit,
420 814 457 844 et
478 806 669 856 significat
686 820 727 844 se
742 804 795 843 illi
809 818 896 844 esse
911 804 1194 842 amicissimum
1212 812 1249 842 et
1266 802 1625 842 reconciliationem
1650 818 1689 840 10

262 889 275 909 2
299 885 383 910 esse
403 871 547 922 gratiae
572 872 727 909 factam.
788 871 909 919 Quod
934 883 1008 920 ego
1029 883 1270 920 quamquam
1292 868 1389 919 quid
1410 869 1457 907 sit
1478 868 1624 915 nescio,

299 946 430 975 tanien
447 938 523 974 hoc
535 944 674 982 statuo,
694 937 810 981 hune,
827 935 857 973 si
873 934 1025 973 amicus
1041 942 1143 973 esset
1160 933 1363 984 Pompeio,
1379 934 1624 971 laudaturum

300 1003 407 1040 illuni
442 1015 523 1040 non
557 1001 684 1039 fuisse.
745 1000 854 1049 Quid
884 1001 1002 1048 enirn,
1038 1000 1070 1038 si
1105 999 1157 1036 illi
1190 998 1481 1037 inimicissimus
1513 1006 1625 1045 esset,

298 1067 465 1117 amplius
478 1068 528 1104 ad
543 1066 627 1105 eius
638 1067 796 1104 laudeni
812 1065 1071 1104 minuendam
1080 1066 1206 1102 facere
1222 1063 1435 1113 potuisset?
1456 1062 1628 1100 Videant

299 1133 320 1170 ii
344 1132 411 1182 qui
435 1132 546 1170 illum
572 1130 767 1180 Pompeio
788 1130 993 1168 inimicum
1019 1143 1106 1167 esse
1126 1129 1364 1179 gaudebant,
1388 1128 1440 1165 ob
1461 1140 1628 1176 eamque
1655 1144 1686 1174 ¹5

299 1212 455 1236 causam
485 1197 523 1234 in
549 1205 606 1235 tot
629 1196 828 1246 tantisque
853 1195 1067 1235 sceleribus
1087 1194 1336 1241 conivebant,
1360 1201 1399 1231 et
1418 1207 1499 1230 non
1519 1206 1627 1230 nuni-

299 1277 416 1312 quani
443 1262 525 1301 eius
554 1262 770 1300 indomitos
790 1270 910 1310 atque
931 1262 1153 1298 ecfrenatos
1177 1260 1325 1297 furores
1347 1260 1484 1308 plausu
1510 1257 1627 1296 etiam

300 1343 372 1366 suo
397 1327 746 1378 prosequebantur,
779 1340 898 1376 quani
929 1339 972 1364 se
1001 1325 1079 1363 cito
1111 1324 1320 1363 inverterit.
1381 1325 1499 1362 Nunc
1522 1322 1628 1361 enim

300 1395 376 1431 iam
398 1394 531 1431 laudat
553 1392 661 1429 illuni
680 1408 686 1429 :
718 1392 757 1429 in
782 1405 850 1429 eos
872 1390 1069 1429 invehitur
1088 1390 1234 1439 quibus
1255 1402 1297 1427 se
1315 1397 1433 1427 antea
1452 1387 1629 1426 vendita-

299 1460 378 1498 bat.
436 1458 547 1508 Quid
576 1456 804 1496 existimatis
835 1470 937 1503 euni,
970 1455 1002 1493 si
1032 1454 1180 1493 reditus
1209 1453 1244 1492 ei
1273 1454 1419 1504 gratiae
1448 1452 1626 1503 patuerit,
1652 1466 1691 1488 20

300 1538 385 1563 esse
401 1526 604 1570 facturum,
625 1523 690 1573 qui
707 1531 786 1561 tani
805 1523 974 1560 libenter
988 1520 1030 1559 in
1046 1520 1277 1571 opinionem
1293 1519 1438 1570 gratiae
1451 1518 1630 1570 inrepat?

302 1592 410 1639 Quas
432 1603 505 1639 ego
525 1589 619 1627 alias
640 1587 888 1638 optimatium
907 1585 1126 1625 discordias
1139 1598 1163 1624 a
1178 1585 1239 1623 dis
1260 1584 1546 1622 immortalibus
1566 1585 1631 1622 de-

238 1651 245 1659 ”
300 1654 399 1692 finiri
414 1655 579 1703 putem?
603 1667 693 1691 nani
709 1654 784 1691 hoc
802 1652 965 1702 quidem
977 1652 1103 1690 verbo
1115 1663 1249 1700 neque
1263 1651 1307 1688 P.
1321 1649 1488 1689 Clodius
1501 1662 1630 1699 neque

301 1720 508 1769 quisquam
535 1720 585 1756 de
608 1718 828 1768 gregalibus
859 1717 942 1756 eius
971 1724 1038 1755 aut
1063 1717 1116 1755 de
1137 1715 1368 1754 consiliariis
1392 1714 1627 1764 designatur.

303 1785 465 1823 Habent
488 1783 642 1821 Etrusci
668 1782 753 1820 libri
781 1790 884 1820 certa
912 1781 1076 1820 nomina
1099 1794 1201 1831 quae
1222 1780 1262 1818 in
1283 1780 1322 1818 id
1342 1794 1465 1830 genus
1486 1779 1629 1817 civium
1653 1795 1689 1826 25

301 1851 440 1888 cadere
462 1849 636 1899 possint:
671 1850 957 1894 DETERIORES,
982 1858 1199 1892 REPVLSOS,
1223 1847 1331 1895 quod
1353 1845 1429 1882 iani
1450 1844 1628 1890 audietis,

301 1916 375 1952 hos
393 1915 593 1964 appellant
618 1926 786 1963 quorum
811 1920 850 1950 et
875 1920 1027 1950 mentes
1052 1919 1090 1949 et
1115 1925 1173 1948 res
1196 1918 1285 1948 sunt
1307 1909 1482 1960 perditae
1503 1911 1630 1958 longe-

301 1993 378 2030 que
397 1993 420 2017 a
440 1978 643 2017 communi
664 1979 787 2016 salute
804 1977 1014 2016 diiunctae.
1067 1978 1157 2024 Qua
1173 1989 1212 2013 re
1228 1989 1318 2013 curn
1335 1976 1374 2013 di
1392 1974 1630 2012 immortales

301 2053 464 2083 monent
481 2046 531 2083 de
548 2043 797 2094 optimatium
816 2042 1023 2089 discordia,
1043 2043 1092 2080 de
1108 2040 1411 2079 clarissimorum
1429 2048 1465 2078 et
1482 2038 1631 2089 optime

300 2109 528 2148 meritorum
551 2108 694 2146 civium
717 2107 964 2146 dissensione
988 2107 1245 2156 praedicunt3
1275 2118 1364 2142 cum
1387 2104 1629 2154 principibus
1652 2117 1693 2148 30

300 2174 516 2225 periculum
535 2175 778 2223 caedemque
792 2171 1091 2223 portendunt‚in
1106 2179 1191 2209 tuto
1205 2172 1415 2209 conlocant
1430 2171 1628 2216 Clodium,

347 2292 364 2318 4
390 2289 487 2318 quam
506 2279 538 2308 in
558 2278 718 2308 universo
734 2288 760 2307 s.
774 2276 794 2307 l.
814 2275 858 2306 1³²
980 2285 1017 2314 15
1044 2275 1206 2313 Pompeio
1222 2273 1311 2304 codd.
1331 2285 1337 2303 :
1363 2274 1424 2303 Cn.
1449 2273 1563 2312 Pomp.
1581 2272 1629 2304 ed.

303 2323 343 2353 R.
367 2324 444 2362 (Cn.
464 2334 490 2353 s,
503 2322 521 2351 l,
541 2321 588 2361 b'2)
666 2321 836 2360 gaudeant
850 2318 912 2348 PB
1005 2320 1043 2348 16
1068 2318 1268 2348 contuebant
1286 2316 1318 2346 P
1332 2321 1360 2346 et
1371 2317 1450 2356 pler.
1467 2316 1517 2355 (cf.
1541 2319 1555 2353 ξ
1573 2316 1630 2354 38)

308 2377 343 2404 17
369 2367 493 2396 ecsren.
506 2364 557 2395 P:
583 2364 701 2394 effren.
718 2363 823 2393 Brell.
915 2374 956 2393 ‘20
982 2363 1012 2392 ei
1029 2363 1060 2392 in
1074 2361 1217 2401 gratiam
1229 2359 1346 2391 Lamb.
1439 2370 1477 2390 21
1506 2360 1631 2398 irrepat

307 2414 342 2440 ul
360 2410 523 2450 Angelius
540 2409 584 2438 ita
601 2407 689 2438 b2kt:
714 2408 867 2445 increpat
886 2405 957 2436 Pet
976 2406 1056 2446 pler.
1244 2405 1284 2433 28
1309 2404 1478 2434 diiunctae
1496 2402 1630 2433 PQBH:

308 2455 488 2484 deiunctae
508 2452 549 2482 P¹
568 2464 573 2482 :
600 2453 789 2482 disiunctae
810 2450 949 2480 GEMbk
