1774 2782
264 135 316 171 24
338 140 378 171 54
702 124 758 160 M.
790 123 958 159 TVLLI
990 121 1298 160 CICERONIS

262 350 312 388 25

272 410 313 442 55

256 1317 307 1354 26

267 1376 307 1417 56

334 234 437 272 sules
459 233 727 282 epulabantur.
789 232 909 280 Quod
937 232 967 268 si
994 232 1090 270 meis
1118 230 1383 269 incommodis
1404 230 1660 277 laetabantur,

333 298 439 336 urbis
462 305 592 335 tamen
615 296 788 346 periculo
809 303 1161 334 commoverentur.

387 364 463 401 Sed
481 370 522 400 ut
538 375 561 399 a
578 375 664 400 mea
680 374 797 399 causa
814 360 889 398 iam
907 362 1100 408 recedam,
1120 361 1288 411 reliquas
1311 359 1412 398 illius
1432 361 1524 398 anni
1542 362 1661 411 pestis

333 426 706 465 recordamini—sic
740 425 845 464 enim
876 427 1057 464 facillime
1088 425 1329 475 perspicietis
1359 433 1547 474 quantam
1582 425 1659 463 vim

330 492 509 530 omnium
539 493 802 530 remediorum
827 504 849 529 a
879 491 1168 540 magistratibus
1198 490 1383 541 proximis
1412 503 1471 528 res
1502 490 1660 541 publica

332 559 748 607 desiderarit—legum
764 557 1165 604 multitudinem,cum
1179 570 1312 595 earum
1327 569 1428 606 quae
1442 557 1542 594 latae
1555 564 1656 603 sunt,

332 630 414 660 tum
446 635 536 661 vero
566 635 667 672 quae
697 623 966 671 promulgatae
995 623 1161 659 fuerunt.
1223 622 1327 659 Nam
1362 622 1463 659 latae
1497 621 1658 670 quidem

331 696 421 726 sunt
449 687 678 726 consulibus
706 686 1056 724 illis-tacentibus
1083 686 1246 724 dicam?
1276 685 1400 724 immo
1424 698 1514 724 vero
1542 686 1658 724 etiam

330 753 669 802 adprobantibu33
698 759 740 789 ut
768 751 946 790 censoria
970 751 1081 790 notio
1108 759 1146 789 et
1173 752 1445 801 gravissimum
1470 750 1658 789 iudicium

330 818 563 857 sanctissimi
593 818 839 867 magistratus
866 818 916 855 de
937 831 976 855 re
998 817 1155 867 publica
1176 818 1385 863 tolleretur,
1413 823 1455 854 ut
1482 816 1659 866 conlegia

330 899 409 923 non
434 885 554 923 modo
576 883 641 922 illa
662 891 790 922 vetera
810 891 946 921 contra
974 890 1132 921 senatus
1160 884 1386 921 consultum
1414 882 1659 921 restitueren-

329 957 400 996 tur,
417 951 485 988 sed
506 951 554 987 al>
574 963 654 987 uno
669 948 883 999 gladiatore
902 947 1203 986 innumerabilia
1222 947 1298 985 alia
1318 960 1420 985 nova
1440 947 1659 985 conscribe-

329 1021 470 1061 rentur,
489 1021 529 1051 ut
551 1013 721 1052 remissis
740 1013 842 1051 senis
865 1021 902 1051 et
920 1012 1125 1051 trientibus
1144 1011 1282 1062 quinta
1299 1025 1421 1062 prope
1435 1026 1522 1062 pars
1545 1012 1658 1051 vecti-

326 1079 471 1129 galium
494 1081 701 1126 tolleretur,
726 1086 767 1116 ut
790 1078 962 1116 Gabinio
983 1091 1053 1127 pro
1075 1077 1138 1115 illa
1159 1090 1228 1115 sua
1251 1076 1399 1124 Cilicia,
1423 1091 1541 1127 quam
1570 1077 1654 1124 sibi,

327 1144 356 1181 si
390 1158 468 1182 rem
502 1143 699 1193 publicam
730 1143 977 1193 prodidisset,
1002 1150 1139 1192 pactus
1170 1150 1260 1189 erat,
1292 1142 1400 1192 Syria
1429 1143 1595 1188 daretur,
1619 1150 1656 1181 et

327 1208 393 1246 uni
428 1207 601 1246 helluoni
637 1207 696 1245 bis
731 1209 781 1245 de
815 1208 953 1245 eadem
989 1220 1028 1245 re
1062 1206 1308 1245 deliberandi
1344 1214 1381 1244 et
1416 1213 1549 1255 rogata
1583 1208 1658 1256 lege

319 1279 488 1323 poleslas
498 1281 574 1323 per
592 1286 727 1311 novam
750 1274 874 1322 legem
899 1274 1006 1310 fieret
1028 1272 1251 1321 provinciae
1273 1273 1589 1310 commutandae.

383 1339 501 1377 Mitto
517 1351 604 1377 eam
620 1340 743 1388 legem
761 1351 862 1387 quae
876 1337 1009 1376 omnia
1026 1337 1106 1375 iura
1121 1338 1362 1388 religionum,
1378 1337 1652 1387 auspiciorum,

327 1411 578 1453 potestatum,
605 1403 733 1441 omnis
760 1404 864 1452 leges
891 1417 992 1452 quae
1022 1410 1111 1441 sunt
1141 1404 1192 1441 de
1220 1404 1301 1441 iure
1330 1409 1369 1441 et
1398 1404 1449 1441 de
1478 1410 1655 1453 tempore

326 1470 456 1518 legum
486 1470 760 1519 rogandarum,
792 1482 870 1506 una
901 1470 1102 1518 rogatione
1133 1469 1303 1515 delevit3
1346 1469 1459 1506 mitto
1494 1482 1653 1506 omnem

324 1534 583 1573 domesticam
605 1533 735 1572 labem
754 1548 761 1571 ε
792 1532 909 1572 etiam
932 1542 1080 1571 exteras
1098 1533 1276 1571 nationes
1292 1532 1394 1571 illius
1414 1532 1507 1571 anni
1528 1534 1655 1571 furore

324 1607 606 1649 conquassatas
636 1598 879 1637 videbamus.
943 1600 1047 1648 Lege
1077 1597 1287 1635 tribunicia
1315 1596 1454 1635 Matris
1484 1599 1654 1647 Magnae

326 1664 597 1703 Pessinuntius
628 1664 691 1702 ille
722 1664 904 1702 sacerdos
934 1664 1119 1712 expulsus
1150 1669 1187 1700 et
1216 1663 1406 1712 spoliatus
1434 1661 1654 1701 sacerdotio

323 1738 392 1777 est,
431 1732 646 1779 fanumque
682 1728 1016 1768 sanctissimarum
1050 1736 1170 1777 atque
1204 1726 1565 1777 antiquissimarum
1601 1740 1655 1765 rc-

323 1795 511 1845 ligionum
534 1794 737 1833 venditum
756 1793 923 1844 pecunia
940 1793 1077 1844 grandi
1096 1793 1311 1843 Brogitaro,
1330 1792 1486 1842 impuro
1499 1792 1651 1831 homini

321 1868 440 1910 atque
471 1860 633 1911 indigno
664 1860 727 1898 illa
758 1859 954 1909 religione,
988 1858 1215 1909 praesertim
1246 1872 1337 1896 cum
1367 1872 1454 1897 eam
1485 1857 1559 1897 sibi
1589 1858 1652 1897 ille

322 1938 402 1963 non
429 1926 597 1972 colendi,
625 1926 694 1963 sed
720 1924 892 1963 violandi
919 1938 1036 1962 causa
1060 1923 1302 1974 adpetisset3
1331 1923 1514 1974 appellati
1544 1937 1652 1973 reges

321 2004 343 2028 a
365 1992 512 2040 populo
532 1990 599 2040 qui
621 1990 660 2029 id
678 2003 895 2040 numquam
913 2004 962 2028 ne
979 2004 1001 2028 a
1023 1996 1160 2028 senatu
1182 1989 1343 2039 quidem
1366 1990 1653 2038 postulassent3

322 2055 470 2093 reducti
493 2056 645 2093 exsules
670 2056 901 2105 Byzantium
924 2055 1179 2093 condemnati
1202 2061 1285 2091 tum
1311 2067 1402 2091 cum
1432 2053 1651 2091 indemnati

287 2135 301 2143 -
321 2120 424 2158 cives
438 2134 459 2159 e
473 2120 628 2158 civitate
645 2120 896 2158 eiciebantur.
950 2122 1035 2157 Rex
1052 2119 1313 2165 Ptolomaeus,
1330 2117 1408 2168 qui,
1427 2118 1458 2156 si
1471 2119 1650 2156 nondum
1672 2136 1687 2166 3,

365 2223 385 2252 6
409 2224 504 2253 mitto
523 2222 632 2261 legum
647 2222 777 2253 Richter
853 2223 1101 2254 multitudinem
1120 2226 1149 2252 et
1164 2226 1244 2252 sunt
1261 2232 1326 2252 om.
1341 2221 1452 2252 Scltol.
1547 2231 1585 2250 12
1609 2221 1650 2251 ab

321 2277 388 2297 om.
405 2266 493 2297 codd.
642 2268 679 2296 16
703 2266 777 2305 lege
796 2271 947 2306 potestas
965 2277 1027 2306 per
1043 2276 1163 2296 novam
1181 2265 1363 2295 Halmium
1381 2269 1509 2295 seculus
1525 2263 1651 2294 Helue:

321 2310 354 2339 in
377 2310 409 2339 P
429 2313 476 2341 est
499 2309 616 2340 lacuna
639 2308 860 2349 septemdecim
876 2310 947 2348 sere
968 2310 1152 2340 litterarum
1286 2310 1328 2338 26
1351 2318 1425 2338 eam
1441 2307 1585 2340 Lamb.:
1610 2317 1650 2337 ea

321 2352 408 2384 codd.
543 2363 585 2392 30
611 2352 824 2384 Ptolomaeus
841 2352 953 2384 BGw:
981 2353 1187 2393 ptolaemeus
1205 2351 1256 2382 P:
1281 2351 1417 2391 ptolem.
1435 2350 1540 2382 Sclzol.

1679 502 1697 534 5

1682 831 1718 852 10

1680 1155 1717 1186 ¹5

1675 1481 1716 1503 20
