1774 2782
282 161 322 196 13
344 165 383 197 34
711 148 766 183 M.
798 146 964 182 TVLLI
998 145 1303 182 CICERONIS

342 256 406 307 qui
433 270 561 306 neque
586 269 786 305 procreare
815 254 889 291 iani
918 253 1060 290 liberos
1088 253 1220 302 possit,
1250 260 1287 289 et
1314 266 1403 289 cum
1431 252 1597 302 potuerit
1619 251 1666 290 sit

341 330 529 371 expertus.
591 322 702 368 Quae
734 319 877 357 deinde
906 332 1023 356 causa
1053 319 1195 367 cuique
1224 317 1271 355 sit
1301 317 1535 367 adoptionis,
1566 331 1666 367 quae

340 387 436 425 ratio
456 400 641 436 generum
669 399 713 423 ac
735 383 943 434 dignitatis,
971 397 1071 432 quae
1100 397 1308 429 sacrorum,
1341 382 1473 433 quaeri
1494 397 1516 420 a
1543 383 1666 433 ponti<

341 454 456 490 ficum
489 451 668 500 conlegio
701 452 807 488 solet.
869 449 976 497 Quid
1011 456 1068 487 est
1103 450 1242 487 horum
1276 448 1314 486 in
1349 448 1421 486 ista
1451 448 1665 498 adoptione

339 517 589 567 quaesitum?
634 517 809 565 Adoptat
825 528 950 552 annos
967 513 1101 563 viginti
1124 522 1249 561 natus,
1269 513 1386 552 etiam
1405 513 1542 561 minor,
1559 526 1665 552 sena·
1686 530 1701 560 5

340 590 473 620 torem.
536 580 818 619 Liberorumne
849 581 995 617 causa?
1053 581 1105 617 At
1132 592 1334 629 procreare
1359 586 1513 628 potest3
1546 579 1664 617 habet

339 660 509 693 uxorem,
547 645 730 695 suscipiet
763 659 808 682 ex
837 658 881 682 ea
917 644 1084 692 liberos;
1123 643 1375 682 exheredabit
1410 643 1523 693 igitur
1557 651 1665 694 pater

277 723 314 756 35
339 712 472 750 filium.
533 711 669 760 Quid?
699 724 805 748 sacra
831 709 996 749 Clodiae
1022 709 1148 759 gentis
1173 723 1240 747 cur
1267 709 1472 755 intereunt,
1496 711 1604 759 quod
1626 709 1664 748 in

338 785 374 816 te
396 779 482 816 est?
512 789 612 827 quae
640 775 768 814 omnis
790 774 899 813 notio
927 774 1171 824 pontificum,
1194 788 1285 812 cum
1315 775 1555 824 adoptarere,
1579 788 1664 813 esse

336 842 496 881 debuit:
519 841 590 879 nisi
609 842 706 879 forte
722 854 767 879 ex
785 849 822 879 te
838 840 890 878 ita
907 841 1127 890 quaesitum
1145 848 1213 886 est,
1229 854 1324 877 num
1342 839 1565 889 perturbare
1583 853 1663 877 rem
1687 854 1723 876 ιο

335 908 533 959 publicam
570 905 829 944 seditionibus
864 906 980 943 velles
1011 912 1049 944 et
1081 905 1134 943 ob
1166 918 1252 943 eam
1283 918 1441 943 causam
1471 904 1661 955 adoptari,

336 986 415 1011 non
451 980 491 1010 ut
522 971 605 1010 eius
641 970 740 1008 filius
775 983 890 1015 esses,
925 970 994 1007 sed
1030 977 1071 1007 ut
1107 969 1284 1007 tribunus
1319 968 1444 1019 plebis
1480 969 1590 1007 fieres
1625 976 1663 1007 et

335 1037 509 1075 funditus
527 1044 715 1075 everteres
737 1035 944 1073 civitatem.
990 1034 1256 1084 Respondisti‚
1277 1035 1409 1082 credo,
1426 1042 1462 1072 te
1484 1033 1535 1072 ita
1552 1036 1662 1073 velle.

335 1101 591 1140 Pontificibus
609 1101 712 1139 bona
734 1113 849 1138 causa
866 1099 945 1137 visa
968 1108 1024 1138 est
1042 1115 1048 1137 :
1073 1099 1399 1149 adprobaverunt.
1445 1101 1535 1138 Non
1557 1107 1662 1138 aetas

332 1166 415 1205 eius
437 1166 502 1216 qui
520 1166 734 1215 adoptabat
751 1172 808 1203 est
829 1164 1017 1214 quaesita,
1035 1172 1077 1203 ut
1099 1164 1137 1202 in
1161 1166 1234 1204 Cn.
1251 1164 1421 1211 Aufidio,
1443 1166 1498 1202 M.
1524 1164 1658 1215 Pupio,
1684 1178 1721 1210 15

333 1246 499 1283 quorum
539 1239 702 1281 uterque
742 1238 873 1268 nostra
913 1229 1101 1268 memoria
1139 1243 1294 1268 summa
1332 1237 1533 1268 senectute
1567 1231 1663 1268 alter

334 1299 512 1344 Oresten,
530 1299 625 1335 alter
649 1296 831 1335 Pisonem
849 1295 1060 1345 adoptavit,
1080 1309 1177 1345 quas
1197 1295 1431 1345 adoptiones
1452 1296 1552 1334 sicut
1567 1295 1661 1334 alias

333 1361 626 1400 innumerabilis
644 1361 878 1400 hereditates
896 1360 1066 1399 nominis
1084 1360 1273 1410 pecuniae
1291 1373 1487 1399 sacrorum
1505 1367 1661 1398 secutae

333 1436 433 1467 sunt.
477 1431 538 1466 Tu
560 1441 688 1477 neque
710 1428 897 1465 Fonteius
917 1440 967 1473 es,
992 1426 1058 1476 qui
1080 1440 1165 1464 esse
1187 1426 1372 1472 debebas,
1393 1438 1522 1475 neque
1543 1424 1659 1475 patris

333 1493 455 1539 heres,
479 1506 607 1542 neque
627 1491 778 1530 amissis
799 1491 915 1529 sacris
938 1491 1106 1541 paternis
1128 1490 1166 1528 in
1188 1491 1284 1528 haec
1305 1489 1489 1540 adoptiva
1509 1490 1658 1528 venisti.
1683 1509 1722 1531 ‘20

334 1559 393 1596 Ita
425 1556 656 1607 perturbatis
682 1557 810 1602 sacris,
842 1555 1119 1594 contaminatis
1148 1555 1342 1605 gentibus,
1377 1563 1414 1593 et
1449 1568 1566 1605 quarn
1598 1556 1661 1593 de-

333 1621 482 1660 seruisti
503 1630 540 1660 et
565 1635 682 1671 quam
708 1620 890 1670 polluisti,
914 1620 995 1659 iure
1017 1620 1230 1670 Quiritium
1252 1621 1425 1670 legitimo
1453 1622 1660 1659 tutelarum

333 1694 370 1724 et
391 1686 664 1725 hereditatium
690 1686 834 1733 relicto,
859 1687 983 1724 sactus
1009 1700 1049 1725 es
1075 1686 1158 1725 eius
1181 1686 1280 1724 filius
1310 1693 1445 1724 contra
1471 1687 1526 1725 fas
1550 1686 1659 1725 cuius

333 1765 401 1801 per
420 1759 586 1790 aetatem
608 1760 715 1802 pater
736 1765 819 1791 esse
838 1752 1008 1801 potuisti.
1057 1752 1159 1790 Dico
1179 1754 1285 1802 apud
1306 1753 1532 1803 pontifices:
1559 1767 1660 1802 nego

334 1817 444 1854 istam
467 1817 719 1866 adoptionem
737 1817 941 1868 pontificio
962 1818 1042 1856 iure
1063 1832 1148 1857 esse
1170 1820 1311 1857 factam
1329 1835 1334 1857 :
1361 1819 1528 1869 primum
1550 1821 1659 1870 quod
1683 1835 1717 1866 25

331 1894 400 1919 eae
430 1889 577 1919 vestrae
605 1889 695 1920 sunt
719 1890 865 1921 aetates
894 1891 936 1921 ut
967 1885 996 1921 is
1028 1884 1094 1934 qui
1116 1892 1154 1923 te
1183 1885 1385 1935 adoptavit
1414 1886 1474 1923 vel
1506 1885 1557 1923 fili
1588 1885 1658 1924 tibi

331 1946 419 1984 loco
439 1960 506 1996 per
525 1954 692 1986 aetatem
709 1961 794 1987 esse
816 1950 994 1999 potuerit,
1015 1952 1074 1989 vel
1097 1964 1144 1989 eo
1166 1965 1245 2001 quo
1267 1951 1359 1990 fuit:
1388 1952 1533 1990 deinde
1550 1953 1657 2001 quod

329 2023 446 2048 causa
475 2011 605 2061 quaeri
627 2015 724 2052 solet
749 2015 976 2063 adoptandi,
1002 2023 1043 2053 ut
1066 2024 1104 2054 et
1134 2016 1163 2054 is
1185 2018 1347 2066 adoptet
1368 2016 1434 2066 qui
1462 2018 1571 2066 quod
1593 2030 1660 2055 na-

330 2082 413 2113 tura
434 2075 508 2113 iam
530 2077 693 2126 adsequi
715 2091 794 2116 non
817 2087 946 2128 potest
967 2081 1140 2130 legitimo
1162 2089 1198 2120 et
1220 2081 1425 2131 pontificio
1446 2082 1527 2119 iure
1543 2094 1657 2131 quae-

269 1733 312 1770 14

272 1782 314 1823 36

374 2187 391 2216 7
416 2179 563 2218 suscepit
577 2179 627 2210 bs·
730 2191 773 2211 ex
789 2193 827 2212 ea
842 2183 902 2214 Ge:
929 2184 970 2214 ab
987 2196 1025 2214 ea
1043 2184 1101 2215 M:
1125 2185 1187 2214 iarn
1209 2184 1239 2214 P
1253 2185 1316 2215 rell.
1332 2189 1460 2225 praeler
1472 2185 1507 2216 bc
1521 2185 1654 2222 (etiam)

328 2221 349 2250 8
374 2222 500 2252 filium?
527 2223 645 2253 Baiter
796 2236 817 2264 9
845 2228 1047 2266 adoptarere
1069 2228 1187 2258 Lamb.
1207 2239 1214 2258 ε
1244 2229 1408 2268 adoptare
1427 2229 1527 2260 PBe:
1569 2235 1655 2260 -arct

328 2263 502 2296 HGMbss‘t
635 2277 673 2297 10
698 2269 896 2307 perturbare
915 2270 959 2300 Bt
976 2283 982 2301 :
1008 2272 1071 2302 -ari
1090 2271 1130 2301 Ρ1
1150 2272 1214 2302 rell.
1346 2281 1383 2311 15
1408 2272 1440 2302 in
1456 2272 1653 2304 Manutius:

328 2318 394 2357 out.
413 2308 502 2340 codd.
602 2321 642 2349 23
666 2311 903 2343 hereditatium
923 2314 1053 2346 PBGJ:
1077 2320 1159 2345 -tum
1178 2314 1302 2346 HMes‘
1392 2316 1434 2345 26
1458 2320 1535 2346 sunt
1561 2316 1651 2347 GM:

327 2356 399 2400 sint.
418 2352 450 2381 P
464 2352 528 2384 rell.
676 2355 722 2384 fili
740 2355 817 2386 Par.
838 2367 939 2396 7774:
980 2359 1026 2388 illi
1052 2357 1084 2388 P
1101 2358 1162 2389 rell.
1185 2362 1316 2398 praeter
1336 2358 1379 2389 M
1400 2358 1518 2398 (fi1i0):
1544 2359 1582 2397 cf
1608 2359 1656 2390 ad

329 2394 420 2443 Quas.
442 2398 456 2432 ξ
475 2397 503 2427 6.
552 2398 662 2437 adopt.
690 2398 763 2429 loco
789 2400 893 2438 patris
918 2400 972 2431 Hc
993 2401 1055 2441 (ed.
1086 2401 1150 2440 122).
1199 2402 1251 2432 vel
1277 2403 1349 2441 ipse
1374 2402 1432 2432 tibi
1457 2402 1530 2432 loco
1556 2402 1611 2432 filii
1632 2403 1652 2432 k

329 2441 371 2478 (et
397 2442 442 2469 zla
468 2439 652 2477 Manutius,
671 2452 736 2472 om.
764 2442 849 2482 ipse)
1012 2455 1051 2483 27
1078 2455 1138 2483 per
1158 2450 1302 2476 aetatem
1328 2451 1418 2486 susp.
1446 2444 1489 2477 D.
1509 2445 1651 2485 Serruys

327 2481 379 2512 vel
398 2493 438 2512 eo
455 2493 521 2522 quo
540 2483 599 2514 fuit
616 2484 675 2516 dcl.
695 2485 826 2523 Jordan
