1774 2782
232 145 281 190 58
307 159 366 190 124
665 145 722 181 M.
754 143 921 180 TVLLI
954 142 1260 181 CICERONIS

305 254 529 304 magistratu
552 254 625 292 nisi
651 266 781 292 meam
805 265 976 300 causam,
999 251 1105 290 venit
1130 259 1168 290 et
1190 265 1230 291 se
1250 252 1399 302 populo
1419 251 1528 291 dedit
1549 265 1628 290 non

304 320 462 368 plausus
502 318 727 368 cupiditate,
763 318 833 355 sed
867 324 909 355 ut
944 316 1016 366 ipsi
1052 316 1200 354 inimici
1232 317 1352 354 nostri
1386 318 1628 355 voluntatem

305 383 470 422 universi
494 385 627 433 populi
646 384 821 421 viderent
838 398 844 419 :
876 383 992 428 venit,
1012 389 1053 419 ut
1070 381 1184 428 scitis,
1203 395 1226 419 a
1239 383 1424 420 columna
1446 383 1628 420 Maenia:

304 456 434 485 tantus
455 455 513 486 est
538 461 583 486 ex
608 447 794 485 omnibus
820 447 1053 496 spectaculis
1079 459 1204 496 usque
1223 459 1246 484 a
1267 445 1475 496 Capitolio,
1497 453 1629 484 tantus

303 526 349 549 cx
370 512 441 550 sori
467 514 650 550 cancellis
678 513 836 561 plausus
864 512 1064 557 excitatus,
1087 519 1129 549 ut
1157 524 1373 560 numquam
1398 509 1520 549 maior
1540 523 1630 548 con·
1648 525 1666 556 5

303 577 433 615 sensio
467 584 533 615 aut
562 578 732 626 apertior
762 577 897 626 populi
934 575 1108 613 Romani
1134 575 1305 613 universi
1335 575 1453 613 fuisse
1483 576 1560 613 ulla
1589 574 1630 612 in

222 655 280 687 125
302 655 419 679 causa
440 643 645 679 diceretur.
705 641 784 678 Vbi
802 648 911 678 erant
928 648 1011 678 tum
1030 640 1083 677 illi
1099 639 1332 678 contionum
1350 640 1626 686 moderatores,

226 910 280 947 59

220 1311 230 1331 1

243 1303 278 1332 26

302 708 432 756 legum
460 706 623 754 domini,
646 706 789 744 civium
815 707 1069 756 expulsores?
1126 705 1290 743 Aliusne
1315 714 1372 743 est
1397 704 1535 754 aliquis
1562 704 1629 742 im-

303 772 435 821 probis
464 771 616 809 civibus
642 770 848 821 peculiaris
874 771 1055 820 populus,
1083 770 1147 808 cui
1174 784 1247 809 nos
1273 771 1411 808 offensi
1437 769 1629 818 invisique

301 836 519 874 fuerimus?

358 901 555 951 Equidem
571 900 751 938 existimo
766 901 915 937 nullum
933 907 1088 950 tempus
1104 912 1189 938 esse
1206 898 1478 949 frequentioris
1494 899 1629 949 populi

302 980 420 1016 quam
443 966 539 1004 illud
560 966 845 1015 gladiatorium,
871 978 1000 1014 neque
1025 965 1222 1003 contionis
1247 964 1361 1003 ullius
1386 978 1514 1014 neque
1538 977 1629 1002 vero

302 1034 469 1070 ullorum
498 1032 758 1070 comitiorum.
819 1032 934 1068 Haec
962 1030 1076 1080 igitur
1101 1030 1397 1068 innumerabilis
1422 1031 1628 1068 hominum

301 1098 524 1144 multitudo,
555 1098 652 1134 haec
680 1096 815 1145 populi
844 1097 1016 1133 Romani
1045 1102 1153 1133 tanta
1180 1094 1413 1145 significatio
1438 1096 1521 1133 sine
1550 1096 1629 1133 ulla

300 1162 483 1200 varietate
514 1160 693 1208 universi,
726 1174 815 1198 cum
848 1160 920 1198 illis
952 1160 1043 1210 ipsis
1074 1160 1214 1198 diebus
1249 1161 1299 1198 de
1333 1173 1394 1198 me
1424 1168 1554 1198 actum
1585 1159 1629 1197 iri

300 1235 508 1277 putaretur,
532 1228 628 1277 quid
650 1227 859 1265 declaravit
881 1225 953 1263 nisi
975 1225 1215 1275 optimorum
1241 1225 1384 1263 civium
1405 1227 1569 1264 salutem
1591 1233 1629 1263 et

301 1292 531 1342 dignitatem
559 1293 707 1342 populo
735 1293 919 1329 Romano
940 1305 1069 1329 caram
1092 1304 1176 1330 esse
1198 1292 1408 1330 universo?
1465 1293 1518 1328 At
1537 1304 1629 1329 vero

300 1358 363 1396 ille
398 1366 565 1408 praetor,
596 1358 663 1406 qui
698 1358 748 1395 de
780 1369 843 1395 me
876 1370 955 1394 non
987 1356 1117 1406 patris,
1151 1357 1223 1403 avi,
1257 1356 1402 1406 proavi,
1437 1357 1628 1394 maiorum

300 1423 472 1473 denique
503 1436 662 1461 suorum
693 1422 886 1469 omnium,
915 1423 984 1460 sed
1017 1423 1300 1460 Graeculorum
1332 1421 1509 1460 instituto
1539 1435 1628 1460 con-

299 1489 448 1527 tionem
470 1488 704 1538 interrogare
726 1488 891 1536 solebat,
911 1489 1098 1526 ‘velletne
1121 1502 1183 1527 me
1204 1488 1352 1535 redire,'
1369 1496 1416 1535 et,
1435 1502 1526 1526 cum
1548 1496 1627 1526 erat

299 1556 552 1593 reclamatum
592 1553 787 1591 semivivis
828 1553 1184 1592 mercennariorum
1224 1554 1398 1601 vocibus,
1436 1555 1626 1603 populum

299 1622 528 1658 Romanum
559 1632 700 1668 negare
727 1619 895 1666 dicebat,
920 1618 962 1665 is,
986 1633 1076 1656 cum
1105 1619 1249 1658 cotidie
1281 1619 1513 1669 gladiatores
1546 1632 1627 1668 spe-

298 1693 427 1727 ctaret„
459 1697 676 1733 numquam
702 1691 759 1722 est
789 1692 1024 1734 conspectus
1052 1698 1140 1723 cum
1172 1684 1330 1724 veniret.
1392 1683 1626 1734 Emergebat

299 1750 440 1796 subito,
464 1763 553 1787 cum
576 1749 649 1787 sub
671 1749 822 1788 tabulas
844 1750 1101 1800 subrepserat,
1125 1758 1167 1788 ut

408 1815 545 1861 Mater,
579 1822 616 1852 te
645 1816 800 1864 appello

299 1881 473 1919 dicturus
515 1881 734 1929 videretur3
777 1880 908 1930 itaque
949 1883 1012 1919 illa
1051 1883 1112 1919 via
1150 1881 1390 1929 latebrosior,
1424 1895 1501 1932 qua
1540 1895 1624 1931 spe-

299 1954 446 1984 ctatum
481 1944 545 1983 ille
583 1944 776 1991 veniebat,
815 1947 945 1996 Appia
984 1947 1061 1984 iam
1101 1947 1338 1994 vocabatur3
1386 1950 1452 1997 qui
1492 1954 1624 1985 tamen

298 2024 460 2061 quoquo
499 2018 675 2060 tempore
715 2019 952 2061 conspectus
992 2020 1082 2058 erat,
1121 2025 1200 2050 non
1237 2013 1357 2051 modo
1392 2012 1624 2062 gladiatores

299 2078 369 2115 sed
397 2075 488 2126 equi
516 2075 587 2125 ipsi
618 2075 877 2125 gladiatorum
908 2076 1120 2126 repentinis
1148 2076 1269 2115 sibilis
1303 2077 1621 2116 extimescebam.

1650 850 1689 873 10

1651 1177 1687 1209 15

1650 1503 1688 1526 20

1647 1832 1686 1864 ²5

217 2151 276 2184 127
298 2141 503 2180 Videtisne
532 2141 646 2191 igitur
668 2150 859 2191 quantum
882 2144 1035 2180 intersit
1063 2143 1162 2181 inter
1182 2144 1374 2192 populum
1397 2144 1624 2181 Romanum
1645 2156 1685 2187 30

298 2214 335 2245 et
379 2207 636 2245 contionem?
688 2206 872 2245 dominos
920 2206 1152 2245 contionum
1201 2208 1309 2245 omni
1353 2208 1446 2246 odio
1488 2206 1624 2257 populi

341 2321 360 2349 3
387 2321 405 2340 a
416 2310 517 2341 PHG
533 2323 539 2341 ε
556 2311 597 2340 ad
608 2309 713 2341 Schol.
729 2322 744 2340 s
760 2310 850 2348 <cum
863 2311 1046 2341 accusativo
1057 2311 1092 2350 k)
1109 2310 1162 2348 2(ss
1175 2310 1221 2349 Β)
1296 2311 1334 2340 18
1351 2310 1406 2340 ille
1418 2315 1557 2348 praetor
1566 2311 1623 2349 qui

300 2354 483 2385 Garatoni:
510 2354 555 2383 illi
581 2359 614 2384 et
639 2363 683 2383 -R-
709 2354 765 2392 qui
790 2353 871 2384 PB:
898 2355 954 2384 ille
979 2360 1012 2385 et
1037 2354 1148 2394 Requi
1175 2355 1269 2392 (corr.
1302 2354 1455 2393 Reliqui)
1486 2353 1527 2390 G;
1554 2355 1624 2392 §78

299 2409 339 2435 24
357 2397 497 2427 tabellas
514 2396 620 2427 Sclzol.
704 2399 745 2427 26
770 2397 972 2428 latebrosior
983 2397 1109 2429 Sclzol.:
1136 2397 1303 2428 latebrosa
1321 2396 1354 2426 P
1367 2397 1431 2427 rell.
1509 2406 1551 2435 30
1574 2397 1624 2426 in-

300 2441 395 2471 tersit
412 2440 517 2480 suppl.
541 2439 730 2480 chsenberg
