<?xml version="1.0" encoding="UTF-8"?>
<!DOCTYPE html PUBLIC "-//W3C//DTD XHTML 1.0 Transitional//EN"
    "http://www.w3.org/TR/xhtml1/DTD/xhtml1-transitional.dtd">
<html xmlns="http://www.w3.org/1999/xhtml" xml:lang="en" lang="en">
 <head>
  <title>
</title>
<meta http-equiv="Content-Type" content="text/html;charset=utf-8" />
  <meta name='ocr-system' content='tesseract 3.04.00' />
  <meta name='ocr-capabilities' content='ocr_page ocr_carea ocr_par ocr_line ocrx_word'/>
</head>
<body>
  <div class='ocr_page' id='page_1' title='image "./orationesrecogno05ciceuoft_0220.png"; bbox 0 0 1774 2782; ppageno 0'>
   <div class='ocr_carea' id='block_1_1' title="bbox 274 136 1280 184">
    <p class='ocr_par' dir='ltr' id='par_1_1' title="bbox 274 136 1280 184">
     <span class='ocr_line' id='line_1_1' title="bbox 274 136 1280 184; baseline -0.001 -10"><span class='ocrx_word' id='word_1_1' title='bbox 274 147 297 184; x_wconf 89' lang='lat'><strong>3</strong></span> <span class='ocrx_word' id='word_1_2' title='bbox 317 143 335 174; x_wconf 86' lang='lat'>6</span> <span class='ocrx_word' id='word_1_3' title='bbox 688 139 742 174; x_wconf 86' lang='lat' dir='ltr'><strong>M.</strong></span> <span class='ocrx_word' id='word_1_4' title='bbox 773 138 940 174; x_wconf 81' lang='lat' dir='ltr'>TVLLI</span> <span class='ocrx_word' id='word_1_5' title='bbox 973 136 1280 175; x_wconf 74' lang='lat' dir='ltr'>CICERONIS</span> 
     </span>
    </p>
   </div>
   <div class='ocr_carea' id='block_1_2' title="bbox 277 246 1706 2053">
    <p class='ocr_par' dir='ltr' id='par_1_2' title="bbox 318 246 1640 296">
     <span class='ocr_line' id='line_1_2' title="bbox 318 246 1640 296; baseline 0.001 -12"><span class='ocrx_word' id='word_1_6' title='bbox 318 247 574 286; x_wconf 82' lang='lat' dir='ltr'><strong>inveteratum</strong></span> <span class='ocrx_word' id='word_1_7' title='bbox 603 246 808 285; x_wconf 87' lang='lat' dir='ltr'><strong>habebatis</strong></span> <span class='ocrx_word' id='word_1_8' title='bbox 837 254 1006 284; x_wconf 86' lang='lat' dir='ltr'><strong>saturare</strong></span> <span class='ocrx_word' id='word_1_9' title='bbox 1031 246 1234 296; x_wconf 85' lang='lat' dir='ltr'><strong>cuperetis,</strong></span> <span class='ocrx_word' id='word_1_10' title='bbox 1259 248 1385 285; x_wconf 88' lang='lat' dir='ltr'><strong>scelus</strong></span> <span class='ocrx_word' id='word_1_11' title='bbox 1413 254 1451 286; x_wconf 90' lang='lat' dir='ltr'><strong>et</strong></span> <span class='ocrx_word' id='word_1_12' title='bbox 1472 249 1640 286; x_wconf 88' lang='lat' dir='ltr'><strong>furorem</strong></span> 
     </span>
    </p>

    <p class='ocr_par' dir='ltr' id='par_1_3' title="bbox 282 312 1704 947">
     <span class='ocr_line' id='line_1_3' title="bbox 282 312 1642 361; baseline 0.001 -12"><span class='ocrx_word' id='word_1_13' title='bbox 282 323 297 356; x_wconf 80' lang='lat'>7</span> <span class='ocrx_word' id='word_1_14' title='bbox 318 320 486 351; x_wconf 80' lang='lat' dir='ltr'><strong>vestrum</strong></span> <span class='ocrx_word' id='word_1_15' title='bbox 502 313 684 350; x_wconf 88' lang='lat' dir='ltr'><strong>cedendo</strong></span> <span class='ocrx_word' id='word_1_16' title='bbox 702 312 883 349; x_wconf 83' lang='lat' dir='ltr'><strong>maluisse</strong></span> <span class='ocrx_word' id='word_1_17' title='bbox 901 312 1073 361; x_wconf 79' lang='lat' dir='ltr'><strong>frangere</strong></span> <span class='ocrx_word' id='word_1_18' title='bbox 1090 324 1207 361; x_wconf 85' lang='lat' dir='ltr'><strong>quam</strong></span> <span class='ocrx_word' id='word_1_19' title='bbox 1230 312 1457 350; x_wconf 88' lang='lat' dir='ltr'><strong>resistendo.</strong></span> <span class='ocrx_word' id='word_1_20' title='bbox 1497 314 1587 361; x_wconf 86' lang='lat' dir='ltr'><strong>Qua</strong></span> <span class='ocrx_word' id='word_1_21' title='bbox 1603 326 1642 350; x_wconf 86' lang='lat' dir='ltr'><strong>re</strong></span> 
     </span>
     <span class='ocr_line' id='line_1_4' title="bbox 318 376 1642 427; baseline 0 -13"><span class='ocrx_word' id='word_1_22' title='bbox 318 385 409 426; x_wconf 87' lang='lat' dir='ltr'><strong>peto</strong></span> <span class='ocrx_word' id='word_1_23' title='bbox 431 391 452 414; x_wconf 85' lang='lat' dir='ltr'><strong>a</strong></span> <span class='ocrx_word' id='word_1_24' title='bbox 474 385 511 415; x_wconf 89' lang='lat' dir='ltr'><strong>te</strong></span> <span class='ocrx_word' id='word_1_25' title='bbox 532 385 573 415; x_wconf 87' lang='lat' dir='ltr'><strong>ut</strong></span> <span class='ocrx_word' id='word_1_26' title='bbox 595 376 689 414; x_wconf 79' lang='lat' dir='ltr'><strong>mihi</strong></span> <span class='ocrx_word' id='word_1_27' title='bbox 707 376 896 427; x_wconf 81' lang='lat' dir='ltr'>ignoscas,</span> <span class='ocrx_word' id='word_1_28' title='bbox 913 376 1056 422; x_wconf 84' lang='lat' dir='ltr'><strong>Vatini,</strong></span> <span class='ocrx_word' id='word_1_29' title='bbox 1072 376 1106 414; x_wconf 90' lang='lat' dir='ltr'><strong>ei</strong></span> <span class='ocrx_word' id='word_1_30' title='bbox 1128 390 1216 414; x_wconf 91' lang='lat' dir='ltr'><strong>cum</strong></span> <span class='ocrx_word' id='word_1_31' title='bbox 1236 376 1381 426; x_wconf 82' lang='lat' dir='ltr'>patriae</span> <span class='ocrx_word' id='word_1_32' title='bbox 1403 377 1642 427; x_wconf 81' lang='lat' dir='ltr'><strong>pepercerim</strong></span> 
     </span>
     <span class='ocr_line' id='line_1_5' title="bbox 318 441 1642 491; baseline 0.001 -12"><span class='ocrx_word' id='word_1_33' title='bbox 318 455 434 490; x_wconf 80' lang='lat' dir='ltr'><strong>quam</strong></span> <span class='ocrx_word' id='word_1_34' title='bbox 467 455 670 489; x_wconf 83' lang='lat' dir='ltr'><strong>servaram,</strong></span> <span class='ocrx_word' id='word_1_35' title='bbox 693 450 741 488; x_wconf 84' lang='lat' dir='ltr'><strong>et,</strong></span> <span class='ocrx_word' id='word_1_36' title='bbox 771 442 801 479; x_wconf 92' lang='lat' dir='ltr'><strong>si</strong></span> <span class='ocrx_word' id='word_1_37' title='bbox 830 455 902 491; x_wconf 77' lang='lat' dir='ltr'><strong>ego</strong></span> <span class='ocrx_word' id='word_1_38' title='bbox 933 448 970 479; x_wconf 86' lang='lat' dir='ltr'><strong>te</strong></span> <span class='ocrx_word' id='word_1_39' title='bbox 1000 441 1238 491; x_wconf 85' lang='lat' dir='ltr'><strong>perditorem</strong></span> <span class='ocrx_word' id='word_1_40' title='bbox 1269 450 1307 481; x_wconf 90' lang='lat' dir='ltr'><strong>et</strong></span> <span class='ocrx_word' id='word_1_41' title='bbox 1337 450 1559 480; x_wconf 81' lang='lat' dir='ltr'><strong>vexatorem</strong></span> <span class='ocrx_word' id='word_1_42' title='bbox 1588 444 1642 481; x_wconf 90' lang='lat' dir='ltr'><strong>rei</strong></span> 
     </span>
     <span class='ocr_line' id='line_1_6' title="bbox 318 506 1680 556; baseline 0.002 -13"><span class='ocrx_word' id='word_1_43' title='bbox 318 506 498 556; x_wconf 87' lang='lat' dir='ltr'><strong>publicae</strong></span> <span class='ocrx_word' id='word_1_44' title='bbox 538 509 628 553; x_wconf 86' lang='lat' dir='ltr'><strong>fero,</strong></span> <span class='ocrx_word' id='word_1_45' title='bbox 671 514 711 544; x_wconf 89' lang='lat' dir='ltr'><strong>tu</strong></span> <span class='ocrx_word' id='word_1_46' title='bbox 753 520 815 544; x_wconf 91' lang='lat' dir='ltr'><strong>me</strong></span> <span class='ocrx_word' id='word_1_47' title='bbox 854 514 1169 544; x_wconf 75' lang='lat' dir='ltr'><strong>conservatorem</strong></span> <span class='ocrx_word' id='word_1_48' title='bbox 1209 514 1248 545; x_wconf 91' lang='lat' dir='ltr'><strong>et</strong></span> <span class='ocrx_word' id='word_1_49' title='bbox 1286 508 1491 545; x_wconf 82' lang='lat' dir='ltr'><strong>custodem</strong></span> <span class='ocrx_word' id='word_1_50' title='bbox 1532 509 1641 546; x_wconf 86' lang='lat' dir='ltr'><strong>feras.</strong></span> <span class='ocrx_word' id='word_1_51' title='bbox 1664 519 1680 551; x_wconf 90' lang='lat'><strong>5</strong></span> 
     </span>
     <span class='ocr_line' id='line_1_7' title="bbox 320 571 1642 621; baseline 0 -12"><span class='ocrx_word' id='word_1_52' title='bbox 320 571 475 610; x_wconf 84' lang='lat' dir='ltr'><strong>Deinde</strong></span> <span class='ocrx_word' id='word_1_53' title='bbox 507 571 590 610; x_wconf 86' lang='lat' dir='ltr'><strong>eius</strong></span> <span class='ocrx_word' id='word_1_54' title='bbox 622 572 689 609; x_wconf 79' lang='lat' dir='ltr'><strong>viri</strong></span> <span class='ocrx_word' id='word_1_55' title='bbox 723 571 939 610; x_wconf 76' lang='lat' dir='ltr'><strong>discessum</strong></span> <span class='ocrx_word' id='word_1_56' title='bbox 971 571 1147 620; x_wconf 84' lang='lat' dir='ltr'><strong>increpas</strong></span> <span class='ocrx_word' id='word_1_57' title='bbox 1178 585 1295 621; x_wconf 85' lang='lat' dir='ltr'><strong>quem</strong></span> <span class='ocrx_word' id='word_1_58' title='bbox 1325 573 1434 610; x_wconf 88' lang='lat' dir='ltr'><strong>vides</strong></span> <span class='ocrx_word' id='word_1_59' title='bbox 1465 571 1642 609; x_wconf 89' lang='lat' dir='ltr'><strong>omnium</strong></span> 
     </span>
     <span class='ocr_line' id='line_1_8' title="bbox 317 636 1644 687; baseline 0 -12"><span class='ocrx_word' id='word_1_60' title='bbox 317 638 460 675; x_wconf 87' lang='lat' dir='ltr'><strong>civium</strong></span> <span class='ocrx_word' id='word_1_61' title='bbox 496 637 703 683; x_wconf 84' lang='lat' dir='ltr'><strong>desiderio,</strong></span> <span class='ocrx_word' id='word_1_62' title='bbox 739 636 859 687; x_wconf 88' lang='lat' dir='ltr'><strong>ipsius</strong></span> <span class='ocrx_word' id='word_1_63' title='bbox 893 636 1066 686; x_wconf 84' lang='lat' dir='ltr'><strong>denique</strong></span> <span class='ocrx_word' id='word_1_64' title='bbox 1104 636 1157 674; x_wconf 89' lang='lat' dir='ltr'><strong>rei</strong></span> <span class='ocrx_word' id='word_1_65' title='bbox 1193 636 1375 686; x_wconf 86' lang='lat' dir='ltr'><strong>publicae</strong></span> <span class='ocrx_word' id='word_1_66' title='bbox 1413 638 1520 675; x_wconf 89' lang='lat' dir='ltr'><strong>luctu</strong></span> <span class='ocrx_word' id='word_1_67' title='bbox 1559 650 1644 675; x_wconf 89' lang='lat' dir='ltr'><strong>esse</strong></span> 
     </span>
     <span class='ocr_line' id='line_1_9' title="bbox 317 701 1644 751; baseline 0 -11"><span class='ocrx_word' id='word_1_68' title='bbox 317 710 553 740; x_wconf 86' lang='lat' dir='ltr'><strong>revocatum.</strong></span> <span class='ocrx_word' id='word_1_69' title='bbox 600 704 651 739; x_wconf 78' lang='lat' dir='ltr'><strong>At</strong></span> <span class='ocrx_word' id='word_1_70' title='bbox 672 701 777 739; x_wconf 89' lang='lat' dir='ltr'><strong>enim</strong></span> <span class='ocrx_word' id='word_1_71' title='bbox 799 701 928 739; x_wconf 78' lang='lat' dir='ltr'><strong>dixisti</strong></span> <span class='ocrx_word' id='word_1_72' title='bbox 951 714 1029 738; x_wconf 94' lang='lat' dir='ltr'><strong>non</strong></span> <span class='ocrx_word' id='word_1_73' title='bbox 1052 713 1139 739; x_wconf 87' lang='lat' dir='ltr'><strong>mea</strong></span> <span class='ocrx_word' id='word_1_74' title='bbox 1161 703 1229 739; x_wconf 87' lang='lat' dir='ltr'><strong>sed</strong></span> <span class='ocrx_word' id='word_1_75' title='bbox 1251 702 1303 739; x_wconf 92' lang='lat' dir='ltr'><strong>rei</strong></span> <span class='ocrx_word' id='word_1_76' title='bbox 1326 701 1506 751; x_wconf 86' lang='lat' dir='ltr'><strong>publicae</strong></span> <span class='ocrx_word' id='word_1_77' title='bbox 1526 715 1644 740; x_wconf 85' lang='lat' dir='ltr'><strong>causa</strong></span> 
     </span>
     <span class='ocr_line' id='line_1_10' title="bbox 318 766 1644 816; baseline -0.001 -11"><span class='ocrx_word' id='word_1_78' title='bbox 318 767 498 805; x_wconf 86' lang='lat' dir='ltr'><strong>homines</strong></span> <span class='ocrx_word' id='word_1_79' title='bbox 519 769 570 805; x_wconf 86' lang='lat' dir='ltr'><strong>de</strong></span> <span class='ocrx_word' id='word_1_80' title='bbox 591 780 681 804; x_wconf 78' lang='lat' dir='ltr'><strong>meo</strong></span> <span class='ocrx_word' id='word_1_81' title='bbox 702 766 827 804; x_wconf 90' lang='lat' dir='ltr'><strong>reditu</strong></span> <span class='ocrx_word' id='word_1_82' title='bbox 855 766 1052 803; x_wconf 86' lang='lat' dir='ltr'><strong>laborasse</strong></span> <span class='ocrx_word' id='word_1_83' title='bbox 1070 782 1076 804; x_wconf 73' lang='grc' dir='ltr'>ε</span> <span class='ocrx_word' id='word_1_84' title='bbox 1107 766 1217 815; x_wconf 86' lang='lat' dir='ltr'><strong>quasi</strong></span> <span class='ocrx_word' id='word_1_85' title='bbox 1239 779 1331 804; x_wconf 90' lang='lat' dir='ltr'><strong>vero</strong></span> <span class='ocrx_word' id='word_1_86' title='bbox 1358 766 1566 816; x_wconf 81' lang='lat' dir='ltr'><strong>quisquam</strong></span> <span class='ocrx_word' id='word_1_87' title='bbox 1589 766 1644 805; x_wconf 88' lang='lat' dir='ltr'><strong>vir</strong></span> 
     </span>
     <span class='ocr_line' id='line_1_11' title="bbox 318 830 1704 881; baseline -0.001 -11"><span class='ocrx_word' id='word_1_88' title='bbox 318 832 521 871; x_wconf 78' lang='lat' dir='ltr'><strong>excellenti</strong></span> <span class='ocrx_word' id='word_1_89' title='bbox 542 832 675 870; x_wconf 91' lang='lat' dir='ltr'><strong>animo</strong></span> <span class='ocrx_word' id='word_1_90' title='bbox 696 831 734 868; x_wconf 91' lang='lat' dir='ltr'><strong>in</strong></span> <span class='ocrx_word' id='word_1_91' title='bbox 757 844 836 869; x_wconf 84' lang='lat' dir='ltr'><strong>rem</strong></span> <span class='ocrx_word' id='word_1_92' title='bbox 866 830 1065 880; x_wconf 77' lang='lat' dir='ltr'><strong>publicam</strong></span> <span class='ocrx_word' id='word_1_93' title='bbox 1091 831 1286 880; x_wconf 87' lang='lat' dir='ltr'><strong>ingressus</strong></span> <span class='ocrx_word' id='word_1_94' title='bbox 1307 831 1518 880; x_wconf 81' lang='lat' dir='ltr'><strong>optabilius</strong></span> <span class='ocrx_word' id='word_1_95' title='bbox 1539 831 1643 881; x_wconf 87' lang='lat' dir='ltr'><strong>quic-</strong></span> <span class='ocrx_word' id='word_1_96' title='bbox 1664 844 1704 868; x_wconf 88' lang='lat'><strong>10</strong></span> 
     </span>
     <span class='ocr_line' id='line_1_12' title="bbox 319 895 1644 947; baseline -0.001 -12"><span class='ocrx_word' id='word_1_97' title='bbox 319 911 437 947; x_wconf 80' lang='lat' dir='ltr'><strong>quam</strong></span> <span class='ocrx_word' id='word_1_98' title='bbox 459 897 664 935; x_wconf 83' lang='lat' dir='ltr'><strong>arbitretur</strong></span> <span class='ocrx_word' id='word_1_99' title='bbox 689 910 806 946; x_wconf 84' lang='lat' dir='ltr'><strong>quam</strong></span> <span class='ocrx_word' id='word_1_100' title='bbox 835 909 876 934; x_wconf 91' lang='lat' dir='ltr'><strong>se</strong></span> <span class='ocrx_word' id='word_1_101' title='bbox 905 909 927 933; x_wconf 86' lang='lat' dir='ltr'><strong>a</strong></span> <span class='ocrx_word' id='word_1_102' title='bbox 955 895 1033 933; x_wconf 90' lang='lat' dir='ltr'><strong>suis</strong></span> <span class='ocrx_word' id='word_1_103' title='bbox 1061 895 1210 934; x_wconf 89' lang='lat' dir='ltr'><strong>civibus</strong></span> <span class='ocrx_word' id='word_1_104' title='bbox 1239 895 1290 933; x_wconf 89' lang='lat' dir='ltr'><strong>rei</strong></span> <span class='ocrx_word' id='word_1_105' title='bbox 1317 895 1497 945; x_wconf 84' lang='lat' dir='ltr'><strong>publicae</strong></span> <span class='ocrx_word' id='word_1_106' title='bbox 1526 909 1644 934; x_wconf 81' lang='lat' dir='ltr'><strong>causa</strong></span> 
     </span>
    </p>

    <p class='ocr_par' dir='ltr' id='par_1_4' title="bbox 279 960 1706 1790">
     <span class='ocr_line' id='line_1_13' title="bbox 279 960 1644 1011; baseline -0.001 -12"><span class='ocrx_word' id='word_1_107' title='bbox 279 970 296 998; x_wconf 85' lang='lat' dir='ltr'>S</span> <span class='ocrx_word' id='word_1_108' title='bbox 319 962 448 1011; x_wconf 78' lang='lat' dir='ltr'><strong>diligi!</strong></span> <span class='ocrx_word' id='word_1_109' title='bbox 506 962 661 1000; x_wconf 86' lang='lat' dir='ltr'><strong>Scilicet</strong></span> <span class='ocrx_word' id='word_1_110' title='bbox 691 974 827 1011; x_wconf 84' lang='lat' dir='ltr'><strong>aspera</strong></span> <span class='ocrx_word' id='word_1_111' title='bbox 858 974 944 999; x_wconf 89' lang='lat' dir='ltr'><strong>mea</strong></span> <span class='ocrx_word' id='word_1_112' title='bbox 974 968 1121 1008; x_wconf 88' lang='lat' dir='ltr'><strong>natura,</strong></span> <span class='ocrx_word' id='word_1_113' title='bbox 1154 960 1321 998; x_wconf 85' lang='lat' dir='ltr'><strong>difficilis</strong></span> <span class='ocrx_word' id='word_1_114' title='bbox 1350 961 1490 1008; x_wconf 88' lang='lat' dir='ltr'><strong>aditus,</strong></span> <span class='ocrx_word' id='word_1_115' title='bbox 1520 960 1644 1010; x_wconf 87' lang='lat' dir='ltr'><strong>gravis</strong></span> 
     </span>
     <span class='ocr_line' id='line_1_14' title="bbox 318 1025 1644 1077; baseline 0.001 -13"><span class='ocrx_word' id='word_1_116' title='bbox 318 1029 458 1074; x_wconf 85' lang='lat' dir='ltr'><strong>vultus,</strong></span> <span class='ocrx_word' id='word_1_117' title='bbox 495 1027 662 1077; x_wconf 84' lang='lat' dir='ltr'><strong>superba</strong></span> <span class='ocrx_word' id='word_1_118' title='bbox 697 1040 894 1077; x_wconf 82' lang='lat' dir='ltr'><strong>responsa,</strong></span> <span class='ocrx_word' id='word_1_119' title='bbox 931 1025 1104 1064; x_wconf 89' lang='lat' dir='ltr'><strong>insolens</strong></span> <span class='ocrx_word' id='word_1_120' title='bbox 1139 1025 1241 1073; x_wconf 78' lang='lat' dir='ltr'><strong>vita3</strong></span> <span class='ocrx_word' id='word_1_121' title='bbox 1282 1039 1400 1064; x_wconf 92' lang='lat' dir='ltr'><strong>nemo</strong></span> <span class='ocrx_word' id='word_1_122' title='bbox 1438 1034 1644 1065; x_wconf 88' lang='lat' dir='ltr'><strong>consuetu-</strong></span> 
     </span>
     <span class='ocr_line' id='line_1_15' title="bbox 317 1090 1643 1140; baseline 0.002 -11"><span class='ocrx_word' id='word_1_123' title='bbox 317 1091 449 1130; x_wconf 91' lang='lat' dir='ltr'><strong>dinem</strong></span> <span class='ocrx_word' id='word_1_124' title='bbox 483 1106 622 1140; x_wconf 81' lang='lat' dir='ltr'><strong>meam,</strong></span> <span class='ocrx_word' id='word_1_125' title='bbox 656 1105 773 1130; x_wconf 90' lang='lat' dir='ltr'><strong>nemo</strong></span> <span class='ocrx_word' id='word_1_126' title='bbox 803 1090 1099 1137; x_wconf 87' lang='lat' dir='ltr'><strong>humanitatem,</strong></span> <span class='ocrx_word' id='word_1_127' title='bbox 1130 1103 1248 1129; x_wconf 92' lang='lat' dir='ltr'><strong>nemo</strong></span> <span class='ocrx_word' id='word_1_128' title='bbox 1277 1091 1495 1138; x_wconf 85' lang='lat' dir='ltr'><strong>consilium,</strong></span> <span class='ocrx_word' id='word_1_129' title='bbox 1526 1105 1643 1131; x_wconf 88' lang='lat' dir='ltr'><strong>nemo</strong></span> 
     </span>
     <span class='ocr_line' id='line_1_16' title="bbox 316 1155 1702 1206; baseline -0.001 -12"><span class='ocrx_word' id='word_1_130' title='bbox 316 1156 501 1194; x_wconf 83' lang='lat' dir='ltr'><strong>auxilium</strong></span> <span class='ocrx_word' id='word_1_131' title='bbox 520 1156 740 1206; x_wconf 78' lang='lat' dir='ltr'><strong>requirebat</strong></span> <span class='ocrx_word' id='word_1_132' title='bbox 757 1171 766 1203; x_wconf 77' lang='lat'><em>3</em></span> <span class='ocrx_word' id='word_1_133' title='bbox 794 1156 905 1194; x_wconf 84' lang='lat' dir='ltr'><strong>cuius</strong></span> <span class='ocrx_word' id='word_1_134' title='bbox 922 1155 1127 1203; x_wconf 89' lang='lat' dir='ltr'><strong>desiderio,</strong></span> <span class='ocrx_word' id='word_1_135' title='bbox 1148 1164 1189 1194; x_wconf 94' lang='lat' dir='ltr'><strong>ut</strong></span> <span class='ocrx_word' id='word_1_136' title='bbox 1207 1157 1303 1193; x_wconf 85' lang='lat' dir='ltr'><strong>haec</strong></span> <span class='ocrx_word' id='word_1_137' title='bbox 1322 1156 1483 1194; x_wconf 90' lang='lat' dir='ltr'><strong>minima</strong></span> <span class='ocrx_word' id='word_1_138' title='bbox 1499 1158 1639 1205; x_wconf 89' lang='lat' dir='ltr'><strong>dicam,</strong></span> <span class='ocrx_word' id='word_1_139' title='bbox 1666 1169 1702 1202; x_wconf 81' lang='lat'><strong>15</strong></span> 
     </span>
     <span class='ocr_line' id='line_1_17' title="bbox 317 1221 1643 1271; baseline 0 -11"><span class='ocrx_word' id='word_1_140' title='bbox 317 1224 442 1261; x_wconf 85' lang='lat' dir='ltr'><strong>forum</strong></span> <span class='ocrx_word' id='word_1_141' title='bbox 467 1231 669 1270; x_wconf 88' lang='lat' dir='ltr'><strong>maestum,</strong></span> <span class='ocrx_word' id='word_1_142' title='bbox 690 1231 796 1260; x_wconf 86' lang='lat' dir='ltr'><strong>muta</strong></span> <span class='ocrx_word' id='word_1_143' title='bbox 817 1222 933 1269; x_wconf 86' lang='lat' dir='ltr'><strong>curia,</strong></span> <span class='ocrx_word' id='word_1_144' title='bbox 952 1224 1085 1260; x_wconf 87' lang='lat' dir='ltr'><strong>omnia</strong></span> <span class='ocrx_word' id='word_1_145' title='bbox 1101 1221 1273 1271; x_wconf 86' lang='lat' dir='ltr'><strong>denique</strong></span> <span class='ocrx_word' id='word_1_146' title='bbox 1290 1222 1481 1260; x_wconf 89' lang='lat' dir='ltr'><strong>bonarum</strong></span> <span class='ocrx_word' id='word_1_147' title='bbox 1503 1224 1643 1261; x_wconf 86' lang='lat' dir='ltr'><strong>artium</strong></span> 
     </span>
     <span class='ocr_line' id='line_1_18' title="bbox 317 1287 1644 1328; baseline -0.001 -1"><span class='ocrx_word' id='word_1_148' title='bbox 317 1289 445 1327; x_wconf 90' lang='lat' dir='ltr'><strong>studia</strong></span> <span class='ocrx_word' id='word_1_149' title='bbox 476 1290 674 1328; x_wconf 87' lang='lat' dir='ltr'><strong>siluerunt.</strong></span> <span class='ocrx_word' id='word_1_150' title='bbox 735 1290 813 1327; x_wconf 87' lang='lat' dir='ltr'><strong>Sed</strong></span> <span class='ocrx_word' id='word_1_151' title='bbox 844 1287 939 1325; x_wconf 83' lang='lat' dir='ltr'><strong>nihil</strong></span> <span class='ocrx_word' id='word_1_152' title='bbox 970 1287 1018 1325; x_wconf 87' lang='lat' dir='ltr'><strong>sit</strong></span> <span class='ocrx_word' id='word_1_153' title='bbox 1048 1289 1192 1325; x_wconf 87' lang='lat' dir='ltr'><strong>factum</strong></span> <span class='ocrx_word' id='word_1_154' title='bbox 1225 1300 1312 1325; x_wconf 87' lang='lat' dir='ltr'><strong>mea</strong></span> <span class='ocrx_word' id='word_1_155' title='bbox 1339 1300 1479 1326; x_wconf 86' lang='lat' dir='ltr'><strong>causa:</strong></span> <span class='ocrx_word' id='word_1_156' title='bbox 1511 1288 1644 1327; x_wconf 82' lang='lat' dir='ltr'><strong>onmia</strong></span> 
     </span>
     <span class='ocr_line' id='line_1_19' title="bbox 317 1352 1643 1404; baseline 0.001 -13"><span class='ocrx_word' id='word_1_157' title='bbox 317 1354 381 1392; x_wconf 85' lang='lat' dir='ltr'><strong>illa</strong></span> <span class='ocrx_word' id='word_1_158' title='bbox 401 1362 559 1393; x_wconf 87' lang='lat' dir='ltr'><strong>senatus</strong></span> <span class='ocrx_word' id='word_1_159' title='bbox 580 1355 768 1401; x_wconf 86' lang='lat' dir='ltr'><strong>consulta,</strong></span> <span class='ocrx_word' id='word_1_160' title='bbox 793 1352 927 1404; x_wconf 87' lang='lat' dir='ltr'><strong>populi</strong></span> <span class='ocrx_word' id='word_1_161' title='bbox 956 1352 1069 1400; x_wconf 87' lang='lat' dir='ltr'><strong>iussa,</strong></span> <span class='ocrx_word' id='word_1_162' title='bbox 1097 1352 1232 1391; x_wconf 90' lang='lat' dir='ltr'><strong>Italiae</strong></span> <span class='ocrx_word' id='word_1_163' title='bbox 1260 1352 1389 1400; x_wconf 87' lang='lat' dir='ltr'><strong>totius,</strong></span> <span class='ocrx_word' id='word_1_164' title='bbox 1413 1361 1643 1392; x_wconf 88' lang='lat' dir='ltr'><strong>cunctarum</strong></span> 
     </span>
     <span class='ocr_line' id='line_1_20' title="bbox 317 1418 1644 1470; baseline 0 -13"><span class='ocrx_word' id='word_1_165' title='bbox 317 1422 560 1467; x_wconf 79' lang='lat' dir='ltr'><strong>societatum,</strong></span> <span class='ocrx_word' id='word_1_166' title='bbox 580 1420 846 1470; x_wconf 83' lang='lat' dir='ltr'><strong>conlegiorum</strong></span> <span class='ocrx_word' id='word_1_167' title='bbox 868 1418 1046 1456; x_wconf 88' lang='lat' dir='ltr'><strong>omnium</strong></span> <span class='ocrx_word' id='word_1_168' title='bbox 1065 1419 1286 1463; x_wconf 87' lang='lat' dir='ltr'><strong>decretade</strong></span> <span class='ocrx_word' id='word_1_169' title='bbox 1305 1431 1367 1456; x_wconf 93' lang='lat' dir='ltr'><strong>me</strong></span> <span class='ocrx_word' id='word_1_170' title='bbox 1387 1418 1441 1456; x_wconf 87' lang='lat' dir='ltr'><strong>rei</strong></span> <span class='ocrx_word' id='word_1_171' title='bbox 1463 1420 1644 1468; x_wconf 86' lang='lat' dir='ltr'><strong>publicae</strong></span> 
     </span>
     <span class='ocr_line' id='line_1_21' title="bbox 316 1482 1706 1533; baseline -0.001 -10"><span class='ocrx_word' id='word_1_172' title='bbox 316 1498 434 1523; x_wconf 87' lang='lat' dir='ltr'><strong>causa</strong></span> <span class='ocrx_word' id='word_1_173' title='bbox 454 1498 538 1523; x_wconf 86' lang='lat' dir='ltr'><strong>esse</strong></span> <span class='ocrx_word' id='word_1_174' title='bbox 560 1486 661 1523; x_wconf 89' lang='lat' dir='ltr'><strong>facta</strong></span> <span class='ocrx_word' id='word_1_175' title='bbox 682 1486 881 1522; x_wconf 79' lang='lat' dir='ltr'><strong>fateamur.</strong></span> <span class='ocrx_word' id='word_1_176' title='bbox 942 1482 1051 1532; x_wconf 81' lang='lat' dir='ltr'><strong>Quid</strong></span> <span class='ocrx_word' id='word_1_177' title='bbox 1079 1496 1179 1533; x_wconf 87' lang='lat' dir='ltr'><strong>ergo,</strong></span> <span class='ocrx_word' id='word_1_178' title='bbox 1204 1485 1326 1521; x_wconf 88' lang='lat' dir='ltr'><strong>homo</strong></span> <span class='ocrx_word' id='word_1_179' title='bbox 1353 1483 1642 1533; x_wconf 85' lang='lat' dir='ltr'><strong>imperitissime</strong></span> <span class='ocrx_word' id='word_1_180' title='bbox 1664 1499 1706 1521; x_wconf 89' lang='lat'><strong>20</strong></span> 
     </span>
     <span class='ocr_line' id='line_1_22' title="bbox 316 1548 1643 1598; baseline 0 -10"><span class='ocrx_word' id='word_1_181' title='bbox 316 1550 464 1588; x_wconf 88' lang='lat' dir='ltr'><strong>solidae</strong></span> <span class='ocrx_word' id='word_1_182' title='bbox 494 1549 620 1587; x_wconf 90' lang='lat' dir='ltr'><strong>laudis</strong></span> <span class='ocrx_word' id='word_1_183' title='bbox 649 1563 694 1587; x_wconf 91' lang='lat' dir='ltr'><strong>ac</strong></span> <span class='ocrx_word' id='word_1_184' title='bbox 726 1563 836 1587; x_wconf 82' lang='lat' dir='ltr'><strong>verae</strong></span> <span class='ocrx_word' id='word_1_185' title='bbox 866 1548 1076 1598; x_wconf 83' lang='lat' dir='ltr'><strong>dignitatis,</strong></span> <span class='ocrx_word' id='word_1_186' title='bbox 1101 1548 1360 1597; x_wconf 82' lang='lat' dir='ltr'><strong>praestantius</strong></span> <span class='ocrx_word' id='word_1_187' title='bbox 1390 1548 1486 1586; x_wconf 87' lang='lat' dir='ltr'><strong>mihi</strong></span> <span class='ocrx_word' id='word_1_188' title='bbox 1515 1549 1643 1598; x_wconf 89' lang='lat' dir='ltr'><strong>potuit</strong></span> 
     </span>
     <span class='ocr_line' id='line_1_23' title="bbox 315 1613 1644 1664; baseline 0 -12"><span class='ocrx_word' id='word_1_189' title='bbox 315 1615 525 1652; x_wconf 87' lang='lat' dir='ltr'><strong>accidere?</strong></span> <span class='ocrx_word' id='word_1_190' title='bbox 554 1614 650 1664; x_wconf 85' lang='lat' dir='ltr'><strong>quid</strong></span> <span class='ocrx_word' id='word_1_191' title='bbox 678 1613 889 1664; x_wconf 86' lang='lat' dir='ltr'><strong>optabilius</strong></span> <span class='ocrx_word' id='word_1_192' title='bbox 913 1615 963 1651; x_wconf 92' lang='lat' dir='ltr'><strong>ad</strong></span> <span class='ocrx_word' id='word_1_193' title='bbox 996 1613 1328 1651; x_wconf 84' lang='lat' dir='ltr'><strong>immortalitatem</strong></span> <span class='ocrx_word' id='word_1_194' title='bbox 1355 1613 1501 1664; x_wconf 82' lang='lat' dir='ltr'><strong>gloriae</strong></span> <span class='ocrx_word' id='word_1_195' title='bbox 1524 1621 1644 1664; x_wconf 87' lang='lat' dir='ltr'><strong>atque</strong></span> 
     </span>
     <span class='ocr_line' id='line_1_24' title="bbox 316 1678 1644 1728; baseline 0.002 -12"><span class='ocrx_word' id='word_1_196' title='bbox 316 1679 355 1717; x_wconf 90' lang='lat' dir='ltr'><strong>in</strong></span> <span class='ocrx_word' id='word_1_197' title='bbox 385 1679 614 1717; x_wconf 83' lang='lat' dir='ltr'><strong>memoriam</strong></span> <span class='ocrx_word' id='word_1_198' title='bbox 645 1679 720 1717; x_wconf 93' lang='lat' dir='ltr'><strong>mei</strong></span> <span class='ocrx_word' id='word_1_199' title='bbox 746 1678 916 1717; x_wconf 87' lang='lat' dir='ltr'><strong>nominis</strong></span> <span class='ocrx_word' id='word_1_200' title='bbox 946 1679 1235 1728; x_wconf 85' lang='lat' dir='ltr'><strong>sempiternam,</strong></span> <span class='ocrx_word' id='word_1_201' title='bbox 1260 1692 1379 1728; x_wconf 85' lang='lat' dir='ltr'><strong>quam</strong></span> <span class='ocrx_word' id='word_1_202' title='bbox 1409 1678 1537 1717; x_wconf 87' lang='lat' dir='ltr'><strong>omnis</strong></span> <span class='ocrx_word' id='word_1_203' title='bbox 1567 1680 1644 1718; x_wconf 90' lang='lat' dir='ltr'><strong>hoc</strong></span> 
     </span>
     <span class='ocr_line' id='line_1_25' title="bbox 316 1742 1643 1790; baseline 0.002 -9"><span class='ocrx_word' id='word_1_204' title='bbox 316 1743 409 1781; x_wconf 89' lang='lat' dir='ltr'><strong>civis</strong></span> <span class='ocrx_word' id='word_1_205' title='bbox 432 1757 540 1781; x_wconf 92' lang='lat' dir='ltr'><strong>meos</strong></span> <span class='ocrx_word' id='word_1_206' title='bbox 562 1743 743 1790; x_wconf 88' lang='lat' dir='ltr'><strong>iudicare,</strong></span> <span class='ocrx_word' id='word_1_207' title='bbox 767 1742 932 1780; x_wconf 86' lang='lat' dir='ltr'><strong>civitatis</strong></span> <span class='ocrx_word' id='word_1_208' title='bbox 960 1744 1124 1780; x_wconf 90' lang='lat' dir='ltr'><strong>salutem</strong></span> <span class='ocrx_word' id='word_1_209' title='bbox 1153 1756 1243 1780; x_wconf 90' lang='lat' dir='ltr'><strong>cum</strong></span> <span class='ocrx_word' id='word_1_210' title='bbox 1272 1743 1387 1781; x_wconf 89' lang='lat' dir='ltr'><strong>unius</strong></span> <span class='ocrx_word' id='word_1_211' title='bbox 1413 1757 1499 1782; x_wconf 79' lang='lat' dir='ltr'><strong>mea</strong></span> <span class='ocrx_word' id='word_1_212' title='bbox 1520 1746 1643 1784; x_wconf 89' lang='lat' dir='ltr'><strong>salute</strong></span> 
     </span>
    </p>

    <p class='ocr_par' dir='ltr' id='par_1_5' title="bbox 277 1807 1702 2053">
     <span class='ocr_line' id='line_1_26' title="bbox 277 1807 1702 1857; baseline -0.001 -10"><span class='ocrx_word' id='word_1_213' title='bbox 277 1825 296 1855; x_wconf 93' lang='lat'><strong>9</strong></span> <span class='ocrx_word' id='word_1_214' title='bbox 317 1822 401 1847; x_wconf 88' lang='lat' dir='ltr'><strong>esse</strong></span> <span class='ocrx_word' id='word_1_215' title='bbox 422 1809 674 1847; x_wconf 87' lang='lat' dir='ltr'><strong>coniunctam</strong></span> <span class='ocrx_word' id='word_1_216' title='bbox 692 1810 708 1846; x_wconf 86' lang='lat'>?</span> <span class='ocrx_word' id='word_1_217' title='bbox 752 1809 873 1856; x_wconf 84' lang='lat' dir='ltr'><strong>Quod</strong></span> <span class='ocrx_word' id='word_1_218' title='bbox 890 1807 1050 1857; x_wconf 82' lang='lat' dir='ltr'><strong>quidem</strong></span> <span class='ocrx_word' id='word_1_219' title='bbox 1068 1820 1141 1857; x_wconf 83' lang='lat' dir='ltr'><strong>ego</strong></span> <span class='ocrx_word' id='word_1_220' title='bbox 1158 1807 1228 1846; x_wconf 89' lang='lat' dir='ltr'><strong>tibi</strong></span> <span class='ocrx_word' id='word_1_221' title='bbox 1245 1809 1369 1846; x_wconf 89' lang='lat' dir='ltr'><strong>reddo</strong></span> <span class='ocrx_word' id='word_1_222' title='bbox 1385 1816 1495 1846; x_wconf 89' lang='lat' dir='ltr'><strong>tuum</strong></span> <span class='ocrx_word' id='word_1_223' title='bbox 1513 1823 1522 1856; x_wconf 87' lang='lat'>;</span> <span class='ocrx_word' id='word_1_224' title='bbox 1552 1823 1641 1848; x_wconf 87' lang='lat' dir='ltr'><strong>nam</strong></span> <span class='ocrx_word' id='word_1_225' title='bbox 1665 1822 1702 1854; x_wconf 88' lang='lat'><strong>²5</strong></span> 
     </span>
     <span class='ocr_line' id='line_1_27' title="bbox 316 1872 1642 1923; baseline 0.001 -12"><span class='ocrx_word' id='word_1_226' title='bbox 316 1881 356 1912; x_wconf 91' lang='lat' dir='ltr'><strong>ut</strong></span> <span class='ocrx_word' id='word_1_227' title='bbox 392 1881 431 1911; x_wconf 93' lang='lat' dir='ltr'><strong>tu</strong></span> <span class='ocrx_word' id='word_1_228' title='bbox 468 1886 530 1911; x_wconf 93' lang='lat' dir='ltr'><strong>me</strong></span> <span class='ocrx_word' id='word_1_229' title='bbox 561 1887 694 1911; x_wconf 88' lang='lat' dir='ltr'><strong>carum</strong></span> <span class='ocrx_word' id='word_1_230' title='bbox 730 1886 814 1911; x_wconf 88' lang='lat' dir='ltr'><strong>esse</strong></span> <span class='ocrx_word' id='word_1_231' title='bbox 849 1872 977 1910; x_wconf 84' lang='lat' dir='ltr'><strong>dixisti</strong></span> <span class='ocrx_word' id='word_1_232' title='bbox 1014 1872 1167 1911; x_wconf 88' lang='lat' dir='ltr'><strong>senatui</strong></span> <span class='ocrx_word' id='word_1_233' title='bbox 1199 1875 1426 1923; x_wconf 85' lang='lat' dir='ltr'><strong>populoque</strong></span> <span class='ocrx_word' id='word_1_234' title='bbox 1458 1876 1642 1914; x_wconf 87' lang='lat' dir='ltr'><strong>Romano</strong></span> 
     </span>
     <span class='ocr_line' id='line_1_28' title="bbox 315 1938 1644 1990; baseline 0.002 -14"><span class='ocrx_word' id='word_1_235' title='bbox 315 1953 395 1977; x_wconf 90' lang='lat' dir='ltr'><strong>non</strong></span> <span class='ocrx_word' id='word_1_236' title='bbox 426 1947 504 1977; x_wconf 87' lang='lat' dir='ltr'><strong>tam</strong></span> <span class='ocrx_word' id='word_1_237' title='bbox 536 1952 623 1977; x_wconf 88' lang='lat' dir='ltr'><strong>mea</strong></span> <span class='ocrx_word' id='word_1_238' title='bbox 652 1952 769 1977; x_wconf 85' lang='lat' dir='ltr'><strong>causa</strong></span> <span class='ocrx_word' id='word_1_239' title='bbox 798 1952 917 1988; x_wconf 86' lang='lat' dir='ltr'><strong>quam</strong></span> <span class='ocrx_word' id='word_1_240' title='bbox 948 1938 1000 1977; x_wconf 88' lang='lat' dir='ltr'><strong>rei</strong></span> <span class='ocrx_word' id='word_1_241' title='bbox 1031 1938 1222 1988; x_wconf 87' lang='lat' dir='ltr'><strong>publicae,</strong></span> <span class='ocrx_word' id='word_1_242' title='bbox 1250 1938 1305 1976; x_wconf 93' lang='lat' dir='ltr'><strong>sic</strong></span> <span class='ocrx_word' id='word_1_243' title='bbox 1332 1952 1404 1989; x_wconf 84' lang='lat' dir='ltr'><strong>ego</strong></span> <span class='ocrx_word' id='word_1_244' title='bbox 1435 1947 1482 1987; x_wconf 89' lang='lat' dir='ltr'><strong>te,</strong></span> <span class='ocrx_word' id='word_1_245' title='bbox 1510 1953 1644 1990; x_wconf 85' lang='lat' dir='ltr'><strong>quam-</strong></span> 
     </span>
     <span class='ocr_line' id='line_1_29' title="bbox 315 2002 1641 2053; baseline 0.002 -12"><span class='ocrx_word' id='word_1_246' title='bbox 315 2017 433 2053; x_wconf 85' lang='lat' dir='ltr'><strong>quam</strong></span> <span class='ocrx_word' id='word_1_247' title='bbox 455 2017 495 2042; x_wconf 87' lang='lat' dir='ltr'><strong>es</strong></span> <span class='ocrx_word' id='word_1_248' title='bbox 516 2003 624 2042; x_wconf 93' lang='lat' dir='ltr'><strong>omni</strong></span> <span class='ocrx_word' id='word_1_249' title='bbox 646 2003 800 2042; x_wconf 86' lang='lat' dir='ltr'><strong>diritate</strong></span> <span class='ocrx_word' id='word_1_250' title='bbox 820 2011 938 2053; x_wconf 87' lang='lat' dir='ltr'><strong>atque</strong></span> <span class='ocrx_word' id='word_1_251' title='bbox 960 2002 1203 2041; x_wconf 84' lang='lat' dir='ltr'><strong>immanitate</strong></span> <span class='ocrx_word' id='word_1_252' title='bbox 1231 2005 1484 2052; x_wconf 84' lang='lat' dir='ltr'><strong>taeterrimus,</strong></span> <span class='ocrx_word' id='word_1_253' title='bbox 1509 2012 1641 2045; x_wconf 89' lang='lat' dir='ltr'><strong>tamen</strong></span> 
     </span>
    </p>
   </div>
   <div class='ocr_carea' id='block_1_3' title="bbox 312 2106 1640 2451">
    <p class='ocr_par' dir='ltr' id='par_1_6' title="bbox 312 2106 1640 2451">
     <span class='ocr_line' id='line_1_30' title="bbox 358 2106 1639 2148; baseline 0.004 -12"><span class='ocrx_word' id='word_1_254' title='bbox 358 2116 376 2144; x_wconf 84' lang='lat'>3</span> <span class='ocrx_word' id='word_1_255' title='bbox 401 2107 430 2137; x_wconf 91' lang='lat' dir='ltr'><strong>ei</strong></span> <span class='ocrx_word' id='word_1_256' title='bbox 450 2117 524 2136; x_wconf 88' lang='lat' dir='ltr'><strong>cum</strong></span> <span class='ocrx_word' id='word_1_257' title='bbox 541 2107 657 2146; x_wconf 69' lang='lat' dir='ltr'><strong>scripsi</strong></span> <span class='ocrx_word' id='word_1_258' title='bbox 672 2106 734 2146; x_wconf 80' lang='lat' dir='ltr'><em>(Cl.</em></span> <span class='ocrx_word' id='word_1_259' title='bbox 753 2106 816 2145; x_wconf 78' lang='lat' dir='ltr'><strong>Qu.</strong></span> <span class='ocrx_word' id='word_1_260' title='bbox 833 2107 875 2138; x_wconf 80' lang='lat' dir='ltr'><strong>iv,</strong></span> <span class='ocrx_word' id='word_1_261' title='bbox 894 2107 991 2146; x_wconf 72' lang='lat'>174):</span> <span class='ocrx_word' id='word_1_262' title='bbox 1018 2110 1052 2137; x_wconf 81' lang='lat' dir='ltr'><strong>ct</strong></span> <span class='ocrx_word' id='word_1_263' title='bbox 1068 2116 1140 2137; x_wconf 91' lang='lat' dir='ltr'><strong>cum</strong></span> <span class='ocrx_word' id='word_1_264' title='bbox 1154 2106 1247 2137; x_wconf 82' lang='lat' dir='ltr'><strong>PBG</strong></span> <span class='ocrx_word' id='word_1_265' title='bbox 1258 2106 1311 2138; x_wconf 83' lang='lat' dir='ltr'><strong>all.</strong></span> <span class='ocrx_word' id='word_1_266' title='bbox 1329 2108 1458 2147; x_wconf 76' lang='lat' dir='ltr'><strong>(z&#39;nsra§</strong></span> <span class='ocrx_word' id='word_1_267' title='bbox 1474 2119 1515 2148; x_wconf 84' lang='lat'><strong>29</strong></span> <span class='ocrx_word' id='word_1_268' title='bbox 1530 2120 1537 2148; x_wconf 84' lang='grc'>;</span> <span class='ocrx_word' id='word_1_269' title='bbox 1556 2109 1639 2142; x_wconf 76' lang='lat' dir='ltr'><strong>Sesl.</strong></span> 
     </span>
     <span class='ocr_line' id='line_1_31' title="bbox 314 2150 1640 2192; baseline 0.003 -12"><span class='ocrx_word' id='word_1_270' title='bbox 314 2152 329 2186; x_wconf 61' lang='grc' dir='ltr'><strong>ξ</strong></span> <span class='ocrx_word' id='word_1_271' title='bbox 348 2152 421 2188; x_wconf 70' lang='grc'>[03)</span> <span class='ocrx_word' id='word_1_272' title='bbox 437 2161 443 2180; x_wconf 76' lang='grc' dir='ltr'>ε</span> <span class='ocrx_word' id='word_1_273' title='bbox 470 2161 544 2180; x_wconf 88' lang='lat' dir='ltr'><strong>cum</strong></span> <span class='ocrx_word' id='word_1_274' title='bbox 562 2151 637 2180; x_wconf 74' lang='lat' dir='ltr'><strong>Hks</strong></span> <span class='ocrx_word' id='word_1_275' title='bbox 652 2162 658 2181; x_wconf 76' lang='lat' dir='ltr'><em>z</em></span> <span class='ocrx_word' id='word_1_276' title='bbox 683 2161 758 2180; x_wconf 89' lang='lat' dir='ltr'><strong>cum</strong></span> <span class='ocrx_word' id='word_1_277' title='bbox 776 2156 809 2180; x_wconf 88' lang='lat' dir='ltr'><strong>et</strong></span> <span class='ocrx_word' id='word_1_278' title='bbox 820 2150 926 2182; x_wconf 76' lang='lat' dir='ltr'><strong>Sclzol.</strong></span> <span class='ocrx_word' id='word_1_279' title='bbox 945 2163 950 2182; x_wconf 79' lang='lat' dir='ltr'>z</span> <span class='ocrx_word' id='word_1_280' title='bbox 972 2161 1045 2180; x_wconf 86' lang='lat' dir='ltr'><strong>cum</strong></span> <span class='ocrx_word' id='word_1_281' title='bbox 1060 2151 1090 2180; x_wconf 91' lang='lat' dir='ltr'><strong>ei</strong></span> <span class='ocrx_word' id='word_1_282' title='bbox 1111 2151 1146 2182; x_wconf 87' lang='lat' dir='ltr'><strong>C.</strong></span> <span class='ocrx_word' id='word_1_283' title='bbox 1160 2150 1213 2182; x_wconf 77' lang='lat' dir='ltr'><strong>Fr.</strong></span> <span class='ocrx_word' id='word_1_284' title='bbox 1229 2150 1418 2189; x_wconf 76' lang='lat' dir='ltr'><strong>Hermann,</strong></span> <span class='ocrx_word' id='word_1_285' title='bbox 1433 2152 1502 2182; x_wconf 74' lang='lat' dir='ltr'><strong>edd.</strong></span> <span class='ocrx_word' id='word_1_286' title='bbox 1521 2165 1527 2183; x_wconf 82' lang='lat' dir='ltr'><em>z</em></span> <span class='ocrx_word' id='word_1_287' title='bbox 1552 2153 1640 2192; x_wconf 86' lang='lat' dir='ltr'><strong>quod</strong></span> 
     </span>
     <span class='ocr_line' id='line_1_32' title="bbox 314 2193 1636 2237; baseline 0.003 -13"><span class='ocrx_word' id='word_1_288' title='bbox 314 2195 343 2224; x_wconf 87' lang='lat' dir='ltr'><strong>ei</strong></span> <span class='ocrx_word' id='word_1_289' title='bbox 361 2194 471 2225; x_wconf 80' lang='lat' dir='ltr'><strong>Madv.</strong></span> <span class='ocrx_word' id='word_1_290' title='bbox 544 2195 751 2233; x_wconf 86' lang='lat' dir='ltr'><strong>pepercerim</strong></span> <span class='ocrx_word' id='word_1_291' title='bbox 764 2194 794 2224; x_wconf 85' lang='grc' dir='ltr'><em>Ρ</em></span> <span class='ocrx_word' id='word_1_292' title='bbox 806 2195 869 2226; x_wconf 77' lang='lat' dir='ltr'><strong>rell.</strong></span> <span class='ocrx_word' id='word_1_293' title='bbox 889 2206 895 2225; x_wconf 90' lang='lat'>:</span> <span class='ocrx_word' id='word_1_294' title='bbox 912 2195 1141 2234; x_wconf 85' lang='lat' dir='ltr'><strong>pepercissem</strong></span> <span class='ocrx_word' id='word_1_295' title='bbox 1154 2193 1261 2224; x_wconf 79' lang='lat' dir='ltr'><strong>Sclzol.</strong></span> <span class='ocrx_word' id='word_1_296' title='bbox 1278 2194 1351 2233; x_wconf 84' lang='lat' dir='ltr'><strong>(sed</strong></span> <span class='ocrx_word' id='word_1_297' title='bbox 1359 2196 1485 2225; x_wconf 77' lang='lat' dir='ltr'><strong>lu&#39;csine</strong></span> <span class='ocrx_word' id='word_1_298' title='bbox 1495 2207 1557 2227; x_wconf 83' lang='lat' dir='ltr'><strong>voc.</strong></span> <span class='ocrx_word' id='word_1_299' title='bbox 1573 2207 1636 2237; x_wconf 84' lang='lat' dir='ltr'><strong>seq.</strong></span> 
     </span>
     <span class='ocr_line' id='line_1_33' title="bbox 312 2237 1639 2277; baseline 0.003 -10"><span class='ocrx_word' id='word_1_300' title='bbox 312 2240 425 2276; x_wconf 52' lang='lat' dir='ltr'><strong>quaml</strong></span> <span class='ocrx_word' id='word_1_301' title='bbox 440 2239 593 2277; x_wconf 85' lang='lat' dir='ltr'><strong>:peperci</strong></span> <span class='ocrx_word' id='word_1_302' title='bbox 607 2237 797 2277; x_wconf 78' lang='lat' dir='ltr'><strong>Hermann,</strong></span> <span class='ocrx_word' id='word_1_303' title='bbox 811 2237 881 2269; x_wconf 79' lang='lat' dir='ltr'><strong>edd.</strong></span> <span class='ocrx_word' id='word_1_304' title='bbox 937 2249 955 2276; x_wconf 86' lang='lat'>4</span> <span class='ocrx_word' id='word_1_305' title='bbox 972 2248 1140 2268; x_wconf 83' lang='lat' dir='ltr'><strong>servaram</strong></span> <span class='ocrx_word' id='word_1_306' title='bbox 1152 2237 1296 2268; x_wconf 74' lang='grc' dir='ltr'><em>ΡΒΣΗε</em></span> <span class='ocrx_word' id='word_1_307' title='bbox 1310 2239 1639 2272; x_wconf 76' lang='lat' dir='ltr'><strong>serueueramSclzol.</strong></span> 
     </span>
     <span class='ocr_line' id='line_1_34' title="bbox 313 2281 1640 2322; baseline 0.002 -11"><span class='ocrx_word' id='word_1_308' title='bbox 313 2292 331 2318; x_wconf 88' lang='lat'>4</span> <span class='ocrx_word' id='word_1_309' title='bbox 350 2282 555 2320; x_wconf 85' lang='lat' dir='ltr'><strong>proditorem</strong></span> <span class='ocrx_word' id='word_1_310' title='bbox 568 2281 653 2312; x_wconf 70' lang='lat' dir='ltr'><strong>Reid</strong></span> <span class='ocrx_word' id='word_1_311' title='bbox 724 2283 744 2311; x_wconf 89' lang='lat'>8</span> <span class='ocrx_word' id='word_1_312' title='bbox 763 2283 971 2312; x_wconf 64' lang='lat' dir='ltr'><strong>revocatum?</strong></span> <span class='ocrx_word' id='word_1_313' title='bbox 986 2281 1084 2311; x_wconf 67' lang='lat' dir='ltr'><strong>Klolz</strong></span> <span class='ocrx_word' id='word_1_314' title='bbox 1145 2281 1193 2312; x_wconf 84' lang='lat' dir='ltr'><strong>Ita</strong></span> <span class='ocrx_word' id='word_1_315' title='bbox 1207 2281 1297 2311; x_wconf 89' lang='lat' dir='ltr'><strong>enim</strong></span> <span class='ocrx_word' id='word_1_316' title='bbox 1307 2281 1398 2312; x_wconf 78' lang='lat' dir='ltr'><strong>Bake</strong></span> <span class='ocrx_word' id='word_1_317' title='bbox 1489 2292 1527 2322; x_wconf 87' lang='lat'><strong>15</strong></span> <span class='ocrx_word' id='word_1_318' title='bbox 1544 2284 1640 2314; x_wconf 87' lang='lat' dir='ltr'><strong>cuius</strong></span> 
     </span>
     <span class='ocr_line' id='line_1_35' title="bbox 313 2324 1637 2367; baseline 0.002 -13"><span class='ocrx_word' id='word_1_319' title='bbox 313 2325 483 2355; x_wconf 87' lang='lat' dir='ltr'><strong>desiderio</strong></span> <span class='ocrx_word' id='word_1_320' title='bbox 501 2325 608 2355; x_wconf 86' lang='lat' dir='ltr'><strong>sorum</strong></span> <span class='ocrx_word' id='word_1_321' title='bbox 627 2329 753 2355; x_wconf 85' lang='lat' dir='ltr'><strong>mutum</strong></span> <span class='ocrx_word' id='word_1_322' title='bbox 772 2325 832 2356; x_wconf 83' lang='lat' dir='ltr'><strong>fuit</strong></span> <span class='ocrx_word' id='word_1_323' title='bbox 850 2325 882 2354; x_wconf 84' lang='lat' dir='ltr'><em>A</em></span> <span class='ocrx_word' id='word_1_324' title='bbox 1003 2335 1043 2363; x_wconf 84' lang='lat'><strong>23</strong></span> <span class='ocrx_word' id='word_1_325' title='bbox 1068 2325 1099 2354; x_wconf 91' lang='lat' dir='ltr'><strong>in</strong></span> <span class='ocrx_word' id='word_1_326' title='bbox 1117 2324 1150 2354; x_wconf 84' lang='lat' dir='ltr'><em>P</em></span> <span class='ocrx_word' id='word_1_327' title='bbox 1163 2324 1227 2354; x_wconf 72' lang='lat' dir='ltr'><strong>rell.</strong></span> <span class='ocrx_word' id='word_1_328' title='bbox 1244 2329 1400 2364; x_wconf 80' lang='lat' dir='ltr'><strong>praelers</strong></span> <span class='ocrx_word' id='word_1_329' title='bbox 1419 2326 1488 2367; x_wconf 88' lang='lat' dir='ltr'><strong>(ad)</strong></span> <span class='ocrx_word' id='word_1_330' title='bbox 1505 2336 1514 2364; x_wconf 80' lang='lat'><em>3</em></span> <span class='ocrx_word' id='word_1_331' title='bbox 1539 2326 1637 2358; x_wconf 75' lang='lat' dir='ltr'><strong>Arch.</strong></span> 
     </span>
     <span class='ocr_line' id='line_1_36' title="bbox 316 2368 1638 2409; baseline 0.002 -11"><span class='ocrx_word' id='word_1_332' title='bbox 316 2371 386 2406; x_wconf 80' lang='lat'><strong>§30</strong></span> <span class='ocrx_word' id='word_1_333' title='bbox 401 2380 407 2406; x_wconf 81' lang='lat'><em>3</em></span> <span class='ocrx_word' id='word_1_334' title='bbox 421 2373 529 2408; x_wconf 76' lang='lat' dir='ltr'><strong>praep.</strong></span> <span class='ocrx_word' id='word_1_335' title='bbox 540 2379 604 2400; x_wconf 83' lang='lat'><em>0111.</em></span> <span class='ocrx_word' id='word_1_336' title='bbox 622 2370 650 2407; x_wconf 74' lang='lat' dir='ltr'><strong>le,</strong></span> <span class='ocrx_word' id='word_1_337' title='bbox 665 2369 721 2400; x_wconf 79' lang='lat' dir='ltr'><strong>del.</strong></span> <span class='ocrx_word' id='word_1_338' title='bbox 740 2369 854 2400; x_wconf 80' lang='lat' dir='ltr'><strong>Madv.</strong></span> <span class='ocrx_word' id='word_1_339' title='bbox 947 2378 986 2407; x_wconf 80' lang='lat'><strong>25</strong></span> <span class='ocrx_word' id='word_1_340' title='bbox 1005 2368 1109 2398; x_wconf 85' lang='lat' dir='ltr'><strong>reddo</strong></span> <span class='ocrx_word' id='word_1_341' title='bbox 1124 2373 1272 2398; x_wconf 86' lang='lat' dir='ltr'><strong>mutuum</strong></span> <span class='ocrx_word' id='word_1_342' title='bbox 1286 2368 1444 2409; x_wconf 54' lang='lat' dir='ltr'><strong>Phogers</strong></span> <span class='ocrx_word' id='word_1_343' title='bbox 1532 2381 1571 2408; x_wconf 92' lang='lat'><strong>27</strong></span> <span class='ocrx_word' id='word_1_344' title='bbox 1590 2370 1638 2400; x_wconf 89' lang='lat' dir='ltr'><strong>rei</strong></span> 
     </span>
     <span class='ocr_line' id='line_1_37' title="bbox 314 2411 1204 2451; baseline 0.002 -11"><span class='ocrx_word' id='word_1_345' title='bbox 314 2411 389 2449; x_wconf 82' lang='lat' dir='ltr'><strong>pub.</strong></span> <span class='ocrx_word' id='word_1_346' title='bbox 412 2412 545 2442; x_wconf 85' lang='lat' dir='ltr'><strong>nomine</strong></span> <span class='ocrx_word' id='word_1_347' title='bbox 564 2423 579 2441; x_wconf 80' lang='lat' dir='ltr'><strong>s</strong></span> <span class='ocrx_word' id='word_1_348' title='bbox 699 2414 739 2442; x_wconf 82' lang='lat'><strong>28</strong></span> <span class='ocrx_word' id='word_1_349' title='bbox 765 2423 800 2442; x_wconf 84' lang='lat' dir='ltr'><strong>es</strong></span> <span class='ocrx_word' id='word_1_350' title='bbox 823 2411 1029 2451; x_wconf 67' lang='lat' dir='ltr'><strong>Wesenberg:</strong></span> <span class='ocrx_word' id='word_1_351' title='bbox 1054 2411 1099 2441; x_wconf 81' lang='lat' dir='ltr'><strong>sis</strong></span> <span class='ocrx_word' id='word_1_352' title='bbox 1115 2411 1204 2442; x_wconf 84' lang='lat' dir='ltr'><strong>codd.</strong></span> 
     </span>
    </p>
   </div>
  </div>
 </body>
</html>
