1774 2782
141 551 158 582 5

121 870 159 892 10

120 1193 159 1224 15

120 1517 158 1539 20

119 1844 156 1875 25

117 2167 158 2197 30

302 164 375 199 DE
410 162 779 200 HARVSPICVM
812 160 1099 198 RESPONSO
1132 160 1347 198 ORATIO
1481 168 1506 205 3

180 285 270 309 cum
303 271 409 308 illum
432 272 657 309 ambustum
682 269 979 320 religiosissimis
1002 269 1156 319 ignibus
1177 270 1342 319 cognovi
1374 269 1505 306 mulie-

180 335 237 373 bri
259 343 397 373 ornatu
428 349 474 374 ex
496 335 646 373 incesto
667 343 802 384 stupro
822 343 940 384 atque
961 348 1007 373 ex
1028 335 1150 372 domo
1172 333 1367 383 pontificis
1389 333 1504 370 maxi-

181 400 232 437 mi
258 403 455 439 emissum.
526 402 642 447 Tum,
668 402 839 449 inquam,
865 408 947 438 tum
977 399 1054 437 vidi
1082 413 1127 437 ac
1153 400 1276 436 multo
1300 406 1391 436 ante
1420 411 1505 448 pro-

180 466 285 514 spexi
337 474 483 515 quanta
531 473 743 515 tempestas
783 465 1022 511 excitaretur,
1066 472 1212 514 quanta
1260 464 1505 512 impenderet

180 531 348 579 procella
375 531 429 569 rei
455 530 648 581 publicae.
709 530 906 568 Videbam
933 529 1029 567 illud
1057 531 1185 567 scelus
1210 537 1289 567 tam
1321 528 1505 577 importu-

178 609 285 642 num,
302 596 507 634 audaciam
529 604 608 633 tam
630 595 843 633 immanem
866 594 1129 633 adulescentis
1150 595 1323 640 furentis,
1347 592 1500 640 nobilis,

179 659 367 698 vulnerati
390 674 469 698 non
493 674 608 710 posse
628 660 748 698 arceri
777 659 830 697 oti
851 659 1021 698 finibus:
1062 667 1288 709 erupturum
1311 658 1406 695 illud
1427 671 1505 695 ma-

179 725 260 762 lum
279 725 504 774 aliquando,
528 726 558 763 si
585 724 822 774 impunitum
845 724 992 772 fuisset,
1014 725 1064 762 ad
1090 723 1303 774 perniciem
1324 721 1502 761 civitatis.

180 790 273 826 Non
309 791 475 827 multum
512 789 607 827 mihi
642 803 736 827 sane
771 796 860 839 post
895 790 946 826 ad
979 788 1115 826 odium
1149 788 1324 825 accessit.
1395 786 1504 824 Nihil

179 854 285 892 enim
317 863 452 892 contra
484 868 548 892 me
576 855 667 892 fecit
699 853 792 892 odio
817 853 905 900 mei,
938 854 1007 891 sed
1039 853 1133 891 odio
1162 851 1386 899 severitatis,
1410 852 1505 890 odio

179 918 388 968 dignitatis,
413 921 505 958 odio
533 918 586 957 rei
614 919 821 968 publicae:
852 932 933 956 non
958 932 1020 956 me
1047 917 1170 967 magis
1199 916 1354 954 violavit
1385 930 1502 966 quam

178 992 368 1031 senatum,
384 998 502 1033 quam
523 983 675 1033 equites
698 985 913 1030 Romanos,
933 996 1051 1032 quam
1074 983 1201 1020 omnis
1223 981 1361 1028 bonos,
1385 995 1503 1031 quam

180 1048 333 1086 Italiam
354 1058 537 1086 cunctam
558 1064 564 1086 :
595 1063 676 1086 non
697 1048 870 1097 denique
892 1049 928 1085 in
953 1061 1015 1085 me
1036 1046 1258 1085 sceleratior
1285 1045 1357 1084 fuit
1384 1060 1502 1096 quam

179 1112 218 1150 in
245 1114 348 1162 ipsos
375 1115 472 1151 deos
500 1112 739 1151 immortalis.
801 1113 960 1150 Etenim
988 1113 1072 1150 illos
1103 1126 1150 1150 eo
1176 1113 1321 1150 scelere
1346 1111 1504 1149 violavit

179 1191 259 1227 quo
287 1191 404 1216 nemo
431 1185 568 1216 antea:
600 1177 639 1215 in
668 1190 730 1215 me
755 1177 826 1214 fuit
854 1178 995 1215 eodem
1023 1176 1157 1214 animo
1179 1189 1257 1225 quo
1279 1177 1395 1214 etiam
1422 1177 1503 1213 eius

178 1242 374 1279 familiaris
409 1242 589 1289 Catilina,
625 1241 655 1279 si
690 1242 854 1288 vicisset,
888 1241 1034 1279 fuisset.
1095 1243 1234 1290 Itaque
1269 1254 1359 1278 eum
1395 1254 1504 1277 num-

177 1321 295 1357 quam
311 1321 334 1345 a
350 1321 412 1345 me
433 1321 518 1345 esse
539 1308 806 1345 accusandum
822 1306 964 1357 putavi,
983 1320 1063 1344 non
1085 1308 1171 1356 plus
1193 1319 1310 1356 quam
1332 1305 1503 1355 stipitem

177 1372 285 1410 illum
300 1374 364 1422 qui
383 1386 548 1422 quorum
567 1373 771 1411 hominum
789 1380 889 1411 esset
906 1372 1156 1419 nesciremus,
1174 1372 1245 1409 nisi
1263 1386 1303 1410 se
1323 1371 1503 1422 Ligurem

178 1436 259 1487 ipse
287 1451 372 1475 esse
398 1437 555 1475 diceret.
615 1436 724 1485 Quid
745 1437 851 1475 enim
872 1438 978 1474 hunc
1000 1450 1219 1486 persequar,
1243 1437 1438 1486 pecudem
1459 1449 1504 1473 ac

178 1501 345 1548 beluam,
369 1502 515 1551 pabulo
540 1501 787 1540 inimicorum
816 1515 992 1540 meorum
1020 1509 1058 1540 et
1084 1503 1226 1551 glande
1247 1503 1505 1551 corruptum?

177 1565 243 1615 qui
268 1566 298 1604 si
324 1566 443 1604 sensit
470 1580 549 1616 quo
574 1580 615 1604 se
640 1568 785 1605 scelere
812 1566 1038 1614 devinxerit,
1061 1580 1142 1604 non
1169 1566 1310 1604 dubito
1336 1567 1431 1615 quin
1457 1566 1504 1604 sit

178 1632 441 1678 miserrimus;
476 1633 535 1669 sin
565 1640 696 1669 autem
727 1631 767 1670 id
797 1644 877 1669 non
906 1631 1023 1678 videt,
1048 1632 1264 1681 periculum
1295 1638 1352 1668 est
1383 1644 1433 1669 ne
1463 1644 1504 1669 se

1527 176 1545 205 4

1526 801 1542 830 5

177 1697 345 1745 stuporis
383 1697 635 1735 excusatione
674 1697 871 1735 defendat.
933 1696 1100 1734 Accedit
1139 1696 1256 1734 etiam
1297 1697 1404 1746 quod
1444 1707 1542 1738 ex-6

177 1761 419 1810 spectatione
439 1763 618 1800 omnium
644 1761 854 1800 fortissimo
875 1769 913 1800 et
934 1761 1148 1799 clarissimo
1170 1762 1262 1808 viro,
1286 1762 1332 1799 T.
1355 1762 1501 1808 Annio,

177 1826 318 1863 devota
347 1834 386 1864 et
415 1827 627 1864 constituta
651 1826 724 1864 ista
753 1827 880 1864 hostia
907 1839 993 1864 esse
1013 1826 1190 1874 videtur3
1219 1826 1283 1864 cui
1309 1840 1371 1864 me
1399 1840 1504 1876 prae-

177 1890 300 1939 ripere
320 1892 558 1940 desponsam
586 1891 661 1928 iam
684 1900 721 1929 et
743 1891 979 1929 destinatam
1000 1892 1168 1938 laudem,
1192 1905 1282 1929 cum
1311 1891 1392 1941 ipse
1420 1891 1502 1929 eius

177 1968 293 2004 opera
326 1963 363 1993 et
393 1955 624 2005 dignitatem
654 1963 693 1994 et
723 1957 887 1993 salutem
917 1956 1172 2004 reciperarim,
1206 1956 1318 1993 valde
1349 1963 1405 1994 est
1436 1956 1503 1993 ini-

177 2032 310 2069 quum.
371 2021 528 2058 Etenim
564 2029 605 2058 ut
641 2022 681 2058 P.
717 2020 780 2058 ille
815 2021 945 2070 Scipio
986 2028 1098 2057 natus
1138 2019 1232 2056 mihi
1269 2021 1420 2058 videtur
1451 2021 1545 2070 ad4

178 2085 374 2122 interitum
396 2084 636 2134 exitiumque
653 2084 911 2134 Carthaginis,
936 2084 1002 2134 qui
1023 2084 1128 2122 illam
1144 2098 1167 2122 a
1184 2084 1315 2122 multis
1337 2084 1502 2134 impera-

176 2149 324 2187 toribus
355 2150 568 2196 obsessam,
599 2158 878 2199 oppugnatam,
911 2150 1156 2196 labefactam,
1189 2162 1313 2198 paene
1345 2157 1499 2198 captam

175 2214 388 2263 aliquando
417 2213 528 2263 quasi
558 2214 664 2252 fatali
692 2215 864 2252 adventu
894 2214 999 2251 solus
1028 2215 1175 2260 evertit,
1199 2213 1253 2250 sic
1274 2215 1319 2250 T.
1348 2214 1500 2251 Annius

219 2319 240 2347 6
259 2318 395 2357 nobilis]
411 2317 544 2347 mobilis
559 2317 736 2355 Drechsler,
753 2318 929 2347 nebulonis
942 2317 984 2347 K.
1000 2317 1127 2347 Buscln*
1140 2341 1142 2345 ,
1156 2317 1249 2347 Rosc.
1263 2317 1380 2348 Amcr.
1396 2321 1410 2354 ξ
1428 2319 1500 2355 1283

177 2360 262 2391 Pln'l.
281 2361 312 2399 ii,
335 2365 349 2398 ξ
370 2372 424 2400 74}
557 2371 594 2391 10
620 2361 771 2390 veritatis
796 2360 894 2391 Harl.
924 2370 1009 2400 2590
1089 2361 1166 2390 odio
1194 2361 1366 2398 dignitatis
1392 2361 1500 2391 Hbs:

177 2415 242 2434 om.
262 2404 294 2433 P
309 2408 336 2434 ct
346 2405 425 2444 pler.
522 2414 559 2442 15
577 2405 648 2433 eins
662 2404 682 2432 k
701 2408 730 2433 et
743 2404 842 2435 Harl.
862 2414 948 2443 2590
962 2416 967 2434 ι
991 2414 1085 2433 meus
1100 2403 1163 2433 rell.
1180 2407 1307 2442 praeter
1322 2404 1375 2432 Mc
1388 2407 1498 2439 (suus;

179 2458 215 2477 21
237 2448 340 2477 sentit
359 2447 496 2479 Lamb.:
526 2447 732 2478 senseritbff
908 2457 949 2485 29
974 2447 1090 2477 Carth.
1112 2446 1143 2475 l)
1160 2450 1188 2476 et
1200 2447 1276 2485 pler.
1296 2458 1300 2476 z
1329 2446 1445 2476 Κητὼ,
1466 2446 1503 2475 ll

180 2501 222 2527 30
248 2491 444 2521 labefactam
466 2492 585 2521 l'b'les:
611 2491 842 2521 labefactatam
865 2490 1062 2519 ll('ili.1l‹·‹=t
1078 2501 1153 2519 sorr.
1174 2490 1190 2517 b
