1774 2782
157 545 174 576 5

138 871 176 893 10

138 1196 174 1227 15

136 1523 177 1545 20

135 1849 174 1879 ²5

252 161 311 198 IN
344 162 383 198 P.
416 161 706 198 VATINIVM
737 161 962 198 TESTEM
996 160 1433 199 INTERROGATIO
1475 171 1518 208 13

195 271 303 320 quod
333 271 389 308 sas
419 283 499 309 non
524 270 606 317 fuit,
627 269 701 307 nisi
729 270 912 308 violasses
942 271 1133 319 templum
1164 271 1348 317 Castoris,
1373 283 1518 308 nornen

195 335 310 386 epuli,
334 337 470 374 oculos
497 335 652 381 civium,
681 348 829 373 morem
858 342 1040 381 veterem,
1064 335 1146 373 eius
1176 335 1243 384 qui
1274 342 1311 373 te
1341 335 1519 372 invitarat

195 400 478 447 auctoritatem,
501 413 638 449 parum
659 408 814 450 putares
836 399 1086 438 testificatum
1107 412 1193 438 esse
1213 399 1518 449 supplicationes

195 472 234 503 te
254 465 337 502 illas
359 478 439 502 non
460 467 626 514 putare?

249 531 406 578 Quaero
431 529 548 567 etiarn
574 529 670 567 illud
697 542 743 567 ex
769 537 817 575 te,
842 530 950 579 quod
970 529 1140 579 privatus
1161 530 1363 577 admisisti,
1380 530 1417 567 in
1440 543 1519 579 quo

194 602 298 633 certe
320 594 395 631 iam
417 594 487 632 tibi
509 594 639 632 dicere
659 607 740 632 non
761 594 895 632 licebit
911 608 1000 632 cum
1017 594 1240 632 clarissimis
1256 594 1344 632 viris
1361 608 1518 632 causam

194 666 301 697 tuam
341 672 426 698 esse
465 659 729 706 coniunctam,
767 661 1039 709 postulatusne
1079 659 1129 697 sis
1168 661 1252 709 lege
1292 659 1443 697 Licinia
1482 667 1520 698 et

196 724 339 762 Iunia?
368 724 583 763 edixeritne
600 724 642 762 C.
664 724 878 762 Memmius
896 732 1050 773 praetor
1070 738 1117 762 ex
1137 737 1183 762 ea
1199 726 1283 774 lege
1304 731 1345 762 ut
1361 725 1520 763 adesses

195 789 258 828 die
279 789 535 828 tricensimo?
563 803 653 827 cum
679 789 710 827 is
738 789 821 827 dies
842 789 1023 836 venisset,
1047 789 1235 828 fecerisne
1257 790 1365 838 quod
1386 789 1426 827 in
1446 791 1520 827 hac

194 869 234 893 re
262 854 420 904 publica
449 867 530 892 non
560 855 682 892 modo
711 855 856 891 factum
887 861 1003 891 antea
1032 867 1248 903 numquam
1281 862 1348 901 est,
1381 855 1450 892 sed
1480 854 1518 891 in

194 919 302 958 omni
324 918 513 957 memoria
528 926 584 957 est
606 918 770 956 omnino
786 918 1038 956 inauditum?
1066 918 1324 968 appellarisne
1341 919 1519 957 tribunos

193 984 319 1034 plebis
340 997 390 1022 ne
410 997 569 1021 causam
587 982 914 1021 diceres—-levius
931 982 1007 1021 dixi
1028 998 1038 1030 ‚-
1068 996 1308 1032 quamquam
1330 983 1369 1021 id
1391 983 1516 1033 ipsum

194 1057 296 1087 esset
309 1056 347 1087 et
358 1062 506 1087 novum
522 1056 559 1086 et
573 1062 654 1086 non
669 1049 1002 1087 ferendum—sed
1016 1048 1272 1098 appellarisne
1287 1048 1517 1086 nominatim

193 1121 345 1164 pestem
366 1113 468 1151 illius
488 1113 592 1160 anni,
615 1113 752 1151 furiam
774 1113 931 1163 patriae,
955 1121 1229 1164 tempestatem
1250 1113 1303 1152 rei
1324 1114 1517 1164 publicae,

195 1179 393 1219 Clodium.
455 1178 533 1227 Qui
562 1186 695 1216 tamen
721 1192 812 1216 cum
834 1179 925 1226 iure,
949 1192 1038 1217 cum
1068 1192 1186 1225 more,
1210 1193 1300 1217 cum
1325 1187 1518 1229 potestate

194 1243 382 1282 iudicium
404 1243 593 1293 impedire
609 1257 690 1282 non
711 1251 853 1293 posset,
872 1244 984 1282 rediit
999 1245 1049 1282 ad
1071 1244 1175 1282 illam
1191 1244 1268 1282 vim
1293 1252 1329 1282 et
1351 1246 1516 1283 furorem

195 1323 321 1356 suurn,
358 1311 581 1359 ducemque
616 1322 656 1347 se
691 1309 879 1348 militibus
912 1309 988 1347 tuis
1026 1309 1216 1359 praebuit.
1277 1311 1324 1347 In
1359 1323 1438 1359 quo
1470 1323 1519 1348 ne

194 1374 290 1424 quid
320 1388 343 1412 a
375 1388 438 1412 me
472 1374 622 1412 dictum
657 1374 695 1411 in
731 1381 770 1412 te
800 1374 930 1424 potius
961 1382 1074 1424 putes
1110 1387 1229 1424 quam
1260 1374 1330 1412 abs
1365 1381 1402 1412 te
1434 1388 1519 1413 esse

195 1439 427 1489 quaesitum,
461 1440 613 1476 nullum
648 1452 747 1476 onus
782 1438 983 1488 imponam
1020 1439 1114 1476 mihi
1153 1438 1376 1477 testimoni:
1418 1451 1518 1488 quae

196 1505 291 1544 mihi
313 1504 418 1543 brevi
447 1512 624 1554 tempore
656 1518 702 1542 ex
729 1505 870 1543 eodem
898 1504 972 1542 isto
999 1505 1087 1542 loco
1108 1503 1223 1542 video
1244 1517 1328 1542 esse
1350 1503 1519 1542 dicenda

195 1570 371 1617 servabo,
401 1578 519 1619 teque
550 1583 629 1607 non
661 1582 831 1619 arguam,
862 1570 942 1616 sed,
975 1576 1016 1607 ut
1048 1569 1087 1607 in
1119 1568 1256 1607 ceteris
1286 1569 1402 1606 rebus
1431 1568 1515 1615 feci,

194 1636 353 1686 rogabo.
413 1636 571 1683 Quaero
606 1648 651 1672 ex
686 1642 734 1682 te,
767 1634 909 1681 Vatini,
942 1648 1037 1672 num
1068 1633 1154 1683 quis
1189 1633 1228 1671 in
1260 1635 1332 1671 hac
1363 1633 1518 1672 civitate

194 1709 283 1752 post
302 1701 441 1739 urbem
468 1699 669 1738 conditam
698 1699 875 1738 tribunos
903 1699 1028 1749 plebis
1055 1698 1256 1748 appellarit
1284 1712 1332 1736 ne
1360 1711 1518 1736 causam

194 1766 370 1805 diceret?
399 1778 494 1802 num
516 1764 603 1814 quis
624 1777 711 1802 reus
733 1765 771 1802 in
788 1764 957 1802 tribunal
974 1763 1031 1801 sui
1053 1762 1283 1813 quaesitoris
1299 1762 1518 1801 escenderit

195 1844 366 1881 eumque
395 1829 432 1868 vi
462 1829 688 1876 deturbant,
720 1829 906 1867 subsellia
934 1828 1141 1878 dissiparit,
1173 1842 1288 1866 urnas
1320 1828 1515 1874 deiecerit,

195 1909 260 1935 eas
289 1895 462 1945 denique
491 1894 619 1933 omnis
650 1907 709 1932 res
739 1894 779 1932 in
806 1893 952 1932 iudicio
980 1893 1239 1931 disturbando
1266 1892 1515 1939 commiserit,

195 1974 358 2011 quarum
389 1972 517 1997 rerum
547 1972 665 1996 causa
693 1958 837 1997 iudicia
867 1966 957 1996 sunt
984 1957 1225 1996 constituta?
1257 1957 1407 1995 sciasne
1434 1964 1516 1994 tum

195 2025 337 2075 fugisse
360 2023 608 2070 Memmium,
631 2031 876 2062 accusatores
897 2036 982 2062 esse
1003 2031 1091 2060 tuos
1111 2023 1161 2060 de
1186 2021 1261 2059 tuis
1282 2029 1518 2070 tuorumque

196 2090 377 2128 manibus
398 2098 563 2139 ereptos,
582 2088 731 2127 iudices
753 2088 1028 2139 quaestionum
1046 2089 1095 2126 de
1117 2086 1300 2137 proximis
1322 2085 1518 2124 tribunali-

239 2196 260 2225 6
284 2205 359 2225 cum
385 2193 579 2224 clarissimis
600 2194 681 2223 viris
703 2203 835 2224 causam
858 2193 992 2223 P²BEG
1014 2194 1045 2228 (ξ,
1068 2193 1117 2230 ῐ3“
1140 2203 1146 2222 z
1176 2202 1248 2221 cum
1268 2190 1439 2220 clarissimi
1459 2190 1519 2220 viri

197 2249 332 2269 causam
343 2237 383 2268 Ρι
400 2249 408 2268 :
431 2247 506 2267 cum
524 2236 699 2267 clarissimi
718 2238 779 2267 viri
798 2247 896 2267 causa
908 2235 1108 2273 llffadvsfort.
1122 2239 1196 2265 reste
1283 2246 1303 2273 9
1329 2234 1520 2264 tricensimo

196 2282 256 2313 1³¹:
276 2281 444 2312 tricesimo
454 2281 519 2311 rell.
594 2291 633 2311 10
649 2285 701 2311 est
715 2281 773 2311 sed
785 2279 921 2310 PBEG:
939 2280 998 2309 sed
1010 2279 1180 2317 Garatoni,
1192 2277 1305 2307 Madv.
1396 2288 1407 2306 1
1418 2287 1429 2306 1
1450 2287 1519 2307 me-

197 2325 299 2356 moria
310 2331 361 2355 est
371 2323 492 2355 Lamb.
508 2337 514 2355 ς
540 2334 637 2354 mern.
658 2325 701 2354 sit
718 2329 772 2364 (ex
788 2324 997 2353 memoriast*
1017 2322 1104 2353 codd.
1214 2331 1250 2358 15
1278 2320 1432 2350 Clodium
1449 2321 1516 2351 secl.

197 2368 287 2398 Bake
387 2370 425 2398 18
451 2379 469 2398 a
486 2378 539 2398 mc
554 2379 578 2398 S.
594 2368 614 2398 l.
635 2367 679 2397 [³2
779 2378 817 2405 19
840 2371 917 2397 test.
937 2377 1022 2405 quae
1040 2365 1119 2396 mihi
1138 2376 1163 2396 5.
1177 2365 1196 2395 l.
1216 2364 1260 2393 P2
1354 2375 1393 2402 24
1419 2374 1517 2402 quae-

197 2412 297 2442 storis
314 2411 420 2442 Sclzol.
513 2411 705 2441 escenderit
722 2411 813 2450 Aug.
835 2410 967 2440 Maius:
1001 2409 1190 2439 ascenderit
1214 2407 1308 2437 PBG
1331 2408 1384 2437 all.
1409 2406 1514 2445 (Verr.

198 2456 239 2493 iv,
263 2458 277 2492 ξ
297 2455 353 2495 51)
369 2466 375 2485 2
402 2455 564 2485 exciderit
581 2454 687 2486 Sclzol.
823 2463 863 2492 25
889 2453 1049 2484 deiecerit
1067 2452 1172 2483 Sclwl.
1188 2463 1193 2480 :
1220 2451 1381 2489 delegerit
1398 2450 1430 2480 P
1445 2450 1505 2481 rell.

1542 175 1579 206 32

1540 509 1582 544 14

1541 568 1580 597 33

1540 1649 1579 1681 34
