1774 2782
254 128 276 165 7

238 813 275 845 16

300 133 338 163 15
666 117 722 153 M.
754 116 921 152 TVLLI
955 113 1257 153 CICERONIS

297 225 395 263 sicut
427 227 543 275 vulgo
575 224 695 274 ignari
727 238 853 262 rerum
887 223 1159 273 loquebantur,
1192 236 1233 261 re
1268 222 1429 272 quidem
1461 234 1551 260 vera
1584 220 1623 259 in

297 290 516 328 universam
545 303 626 327 rem
650 289 861 338 publicam,
886 288 1132 327 traductione
1159 290 1209 326 ad
1237 288 1395 337 plebem
1423 286 1624 324 furibundi

297 354 467 392 hominis
494 368 539 391 ac
567 353 718 403 perditi,
743 353 839 390 mihi
867 352 962 400 irati,
986 354 1055 391 sed
1078 355 1201 391 multo
1222 352 1347 391 acrius
1373 351 1427 389 oti
1455 359 1493 390 et
1521 365 1623 389 com-

297 419 426 456 munis
448 417 580 456 salutis
603 417 761 456 inimici.
815 419 939 455 Hunc
960 419 1015 455 vir
1036 417 1271 455 clarissimus
1293 416 1470 466 mihique
1492 415 1623 453 multis

297 482 604 532 repugnantibus
633 481 904 529 amicissimus,
936 482 1011 521 Cn.
1035 483 1258 532 Pompeius,
1289 480 1397 520 omni
1428 481 1621 526 cautione,

298 549 466 595 foedere,
485 547 751 586 exsecratione
772 547 997 585 devinxerat
1015 546 1110 584 nihil
1128 546 1167 584 in
1184 546 1383 584 tribunatu
1405 554 1540 583 contra
1561 558 1624 583 me

297 626 381 651 esse
403 614 618 650 facturum:
650 613 759 661 quod
782 613 845 649 ille
867 611 1035 650 nefarius
1056 625 1103 649 ex
1123 611 1301 649 omnium
1323 612 1513 649 scelerum
1535 623 1624 648 con-

296 678 454 716 luvione
474 686 589 715 natus
611 691 749 727 parum
770 691 811 715 se
833 679 971 715 foedus
988 677 1222 715 violaturum
1243 675 1449 714 arbitratus
1470 681 1530 723 est,
1551 675 1624 713 nisi

297 743 424 792 ipsum
457 751 657 781 cautorem
691 742 808 781 alieni
843 742 1003 792 periculi
1036 742 1114 780 suis
1147 741 1311 791 propriis
1341 739 1522 791 periculis
1554 748 1625 779 ter-

296 808 444 846 ruisset.
506 810 624 846 Hanc
653 815 815 846 taetram
843 807 1137 857 immanemque
1164 807 1332 853 beluam,
1363 807 1532 844 vinctam
1561 819 1624 843 au—

297 874 438 924 spiciis,
468 874 679 924 adligatam
707 888 814 912 more
841 875 1043 919 maiorum,
1067 872 1319 911 constrictam
1346 874 1475 922 legum
1505 885 1625 909 sacra-

296 949 422 978 tarum
450 940 608 987 catenis,
633 941 748 978 solvit
775 940 907 978 subito
935 941 1018 989 lege
1046 939 1194 977 curiata
1219 939 1368 984 consul,
1391 939 1462 984 vel,
1485 945 1528 975 ut
1553 950 1625 986 ego

296 1006 470 1053 arbitror,
506 1013 685 1043 exoratus
718 1005 789 1051 vel,
821 1012 864 1042 ut
896 1018 975 1043 non
1007 1017 1126 1042 nemo
1157 1004 1331 1053 putabat,
1364 1002 1460 1040 mihi
1494 1002 1622 1048 iratus,

297 1071 451 1119 ignarus
473 1071 634 1120 quidem
656 1078 759 1108 certe
780 1078 818 1108 et
839 1069 1069 1119 imprudens
1090 1068 1405 1119 impendentium
1426 1075 1623 1106 tantorum

297 1138 486 1174 scelerum
520 1143 557 1174 et
593 1137 800 1174 malorum.
858 1134 938 1183 Qui
970 1134 1149 1172 tribunus
1178 1133 1304 1184 plebis
1333 1132 1424 1171 felix
1452 1132 1491 1170 in
1522 1146 1625 1171 ever-

297 1203 417 1239 tenda
446 1216 485 1239 re
516 1202 674 1251 publica
705 1202 776 1238 fuit
807 1201 924 1238 nullis
953 1201 1034 1238 suis
1063 1198 1315 1249 nervis—qui
1342 1198 1447 1237 enim
1473 1198 1511 1236 in
1542 1198 1625 1236 eius

299 1266 406 1304 modi
438 1266 515 1303 vita
547 1266 653 1304 nervi
685 1279 770 1304 esse
802 1273 1014 1315 potuerunt
1049 1265 1219 1303 hominis
1251 1264 1427 1303 fraternis
1459 1263 1623 1314 flagitiis,

300 1331 454 1369 sororiis
476 1331 629 1381 stupris,
652 1331 759 1368 omni
787 1330 964 1368 inaudita
988 1329 1152 1368 libidine
1172 1328 1377 1380 exsanguis
1392 1330 1534 1368 ?—sed
1556 1330 1626 1367 fuit

299 1399 474 1448 profecto
510 1399 705 1447 quaedam
738 1397 801 1434 illa
836 1396 888 1435 rei
921 1396 1102 1446 publicae
1136 1397 1289 1434 fortuna
1321 1395 1457 1442 fatalis,
1490 1403 1532 1433 ut
1562 1395 1626 1434 ille

297 1477 436 1501 caecus
475 1471 593 1513 atque
627 1476 763 1501 amens
801 1462 981 1500 tribunus
1019 1461 1145 1512 plebis
1183 1460 1624 1510 nancisceretur—quid

298 1530 426 1567 dicam
441 1532 457 1567 ?
487 1531 668 1567 consules
683 1531 699 1567 ?
727 1528 870 1567 hocine
887 1536 929 1565 ut
945 1541 1018 1577 ego
1034 1529 1196 1566 nomine
1215 1529 1411 1578 appellem
1427 1540 1625 1566 eversores

299 1597 413 1633 huius
441 1595 589 1644 imperi,
617 1594 838 1645 proditores
861 1601 1012 1632 vestrae
1038 1592 1250 1643 dignitatis,
1279 1593 1402 1631 hostis
1430 1593 1624 1631 bonorum

299 1661 489 1708 omnium,
507 1660 574 1711 qui
595 1662 646 1699 ad
667 1661 881 1699 delendum
903 1667 1095 1705 senatum,
1111 1659 1381 1709 adfligendum
1401 1666 1624 1708 equestrem

299 1727 489 1773 ordinem,
513 1726 798 1776 exstinguenda
824 1725 958 1763 omnia
984 1724 1067 1762 iura
1092 1732 1211 1774 atque
1235 1723 1412 1762 instituta
1433 1723 1624 1762 maiorum

299 1807 340 1831 se
367 1793 440 1830 illis
469 1792 639 1831 fascibus
667 1791 885 1841 ceterisque
909 1790 1127 1840 insignibus
1154 1789 1299 1828 summi
1326 1789 1485 1828 honoris
1505 1797 1625 1838 atque

299 1858 437 1908 imperi
476 1866 634 1896 ornatos
674 1871 758 1896 esse
801 1855 1117 1894 arbitrabantur?
1189 1857 1380 1904 Quorum,
1421 1868 1490 1905 per
1528 1855 1624 1892 deos

346 1973 358 1992 1
385 1973 464 1992 vera
481 1972 507 1993 S.
521 1962 542 1993 Ι.
560 1961 604 1990 P2
729 1971 745 1999 7
772 1960 858 1998 quod
881 1959 968 1989 codd.
984 1963 1112 1999 praeter
1126 1958 1202 1989 Hks
1222 1959 1281 1998 (at)
1409 1960 1428 1988 8
1453 1963 1501 1988 est
1519 1958 1624 1998 suppl.

298 2006 344 2037 cd.
369 2005 403 2036 V.
429 2006 476 2045 tin
500 2004 534 2034 P
554 2009 601 2035 est
623 2004 813 2038 arbitratut)
833 2015 838 2033 :
869 2007 942 2042 post
967 2007 1065 2032 natus
1090 2002 1245 2032 lacunam
1274 2002 1462 2041 suspicatur
1484 2002 1621 2041 Rishlet',

301 2054 399 2080 natus
416 2050 497 2089 (non
514 2049 621 2078 solum
638 2049 710 2087 ipse
729 2047 870 2086 turpiter
888 2045 1051 2085 neglexit,
1068 2056 1185 2076 verum
1203 2047 1303 2076 etiam
1323 2046 1519 2085 Pompeium
1538 2056 1557 2075 a
1573 2056 1624 2075 me

299 2092 445 2131 avertit,)
472 2102 586 2130 parum
606 2116 612 2122 .
631 2115 638 2122 .
659 2115 666 2122 .
684 2091 861 2121 arbitratus
888 2090 951 2119 nisi
976 2093 1026 2120 etc.
1168 2100 1205 2119 12
1231 2089 1306 2127 lege
1331 2089 1456 2119 curiata
1483 2089 1622 2119 Turneb-

301 2148 361 2167 us:
396 2137 504 2174 legum
527 2136 653 2165 curiata
677 2135 710 2164 P
734 2134 804 2174 (sed
834 2134 960 2164 dnobus
985 2134 1135 2163 extremas
1161 2133 1274 2163 litteris
1298 2134 1482 2172 expunctis:
1513 2132 1623 2171 legum

300 2180 392 2210 curia
404 2180 448 2217 B)
465 2190 470 2210 :
497 2179 609 2217 legum
623 2179 684 2209 rell.
823 2189 861 2217 13
887 2177 1023 2216 putabat
1038 2176 1144 2206 Sclzol.
1165 2189 1170 2207 :
1196 2181 1315 2216 putare
1327 2175 1369 2205 Ρ]
1383 2188 1389 2205 z
1415 2180 1545 2215 putaret
1561 2176 1623 2205 rell-

300 2224 393 2253 Nmrz
413 2227 530 2262 putare
549 2223 716 2253 malebat?
810 2222 887 2252 mihi
908 2221 1012 2251 iratus
1026 2220 1217 2257 Naugerius
1231 2220 1281 2259 (25
1299 2232 1304 2250 :
1331 2219 1468 2249 miratus
1482 2219 1624 2259 (iuratus

300 2266 349 2300 52>
365 2266 454 2296 codd.
465 2271 596 2306 praeter
610 2266 715 2297 Sclzol.
736 2267 870 2304 {iratus}
986 2264 1025 2293 18
1051 2264 1233 2302 exsanguis
1254 2262 1341 2292 Koclz
1362 2263 1392 2300 (ξ
1412 2263 1488 2301 24>1
1516 2263 1624 2292 insani

301 2310 389 2340 codd.
412 2310 505 2349 (corr.
529 2309 561 2339 P
580 2320 619 2339 ex
636 2311 668 2340 in
692 2312 810 2347 satie):
837 2307 968 2339 infamis
982 2305 1170 2346 Naugerius
1189 2307 1260 2346 (2):
1292 2306 1443 2336 enervati
1468 2305 1619 2336 Karslrn.

300 2352 395 2383 Num
410 2353 631 2385 insanientis?
741 2364 778 2393 19
795 2354 829 2383 in
848 2353 902 2382 illa
919 2350 996 2380 P2B
1101 2360 1141 2380 22
1167 2350 1355 2390 perditores
1372 2349 1452 2380 σοιτί.
1474 2348 1560 2379 Reid
1575 2350 1623 2387 (in

300 2396 367 2427 Pis.
389 2400 403 2434 ξ
423 2399 479 2437 64)

1647 820 1686 842 10

1647 1472 1686 1494 20

1645 1797 1684 1830 25
