1774 2782
246 158 270 196 5
296 164 324 184 ιι
654 149 712 186 M.
742 147 909 184 TVLLI
943 146 1249 185 CICERONIS

225 666 261 687 12

223 1313 260 1343 13

289 264 413 295 totum
428 257 535 295 illum
550 271 697 295 annum
713 258 889 306 querelas
904 263 1072 302 senatus,
1092 257 1240 293 luctum
1256 256 1463 302 bonorum,
1482 255 1618 293 Italiae

287 322 475 371 gemitum
498 323 748 371 pertulerunt.
801 320 993 358 Kalendis
1014 334 1105 358 vero
1128 319 1319 357 Ianuariis
1342 327 1478 369 postea
1498 333 1616 370 quam

288 387 383 424 orba
413 400 472 424 res
508 386 665 435 publica
696 386 866 423 consulis
901 386 1020 422 fidem
1057 392 1257 433 tamquam
1289 386 1448 434 legitimi
1480 386 1617 423 tutoris

288 451 518 499 imploravit,
552 452 593 488 P.
619 452 809 488 Lentulus
829 452 978 497 consul,
1010 463 1159 499 parens,
1191 451 1300 496 deus,
1333 451 1436 487 salus
1461 457 1615 488 nostrae

288 516 399 562 vitae,
432 517 618 561 fortunae,
653 515 874 561 memoriae,
913 515 1093 562 nominis,
1127 516 1241 552 simul
1276 528 1322 552 ac
1351 516 1402 552 de
1433 515 1612 552 sollemni
1635 527 1651 558 5

288 581 450 618 deorum
475 580 659 630 religione
681 580 837 626 rettulit,
864 579 959 617 nibil
982 580 1241 617 humanarum
1265 593 1391 617 rerum
1416 579 1486 617 sibi
1509 579 1614 629 prius

289 658 405 694 quam
427 646 477 683 de
499 659 560 683 me
581 646 777 694 agendum
800 644 995 682 iudicavit.
1055 646 1186 693 Atque
1208 658 1254 682 eo
1271 644 1335 682 die
1356 645 1535 682 confecta
1556 658 1614 682 res

288 717 400 756 esset,
432 710 504 747 nisi
536 710 566 747 is
596 710 775 747 tribunus
806 709 930 758 plebis
961 722 1079 758 quem
1111 722 1183 758 ego
1206 709 1383 746 maximis
1416 709 1614 747 beneficiis

287 782 533 825 quaestorem
562 776 699 812 consul
727 788 917 821 ornaram,
942 788 1030 811 cum
1062 782 1099 812 et
1127 782 1292 811 cunctus
1317 775 1415 812 ordo
1440 781 1477 812 et
1504 774 1614 812 multi

287 853 376 878 eum
405 839 546 877 summi
568 839 636 877 viri
661 846 825 885 orarent,
854 847 890 877 et
920 840 991 878 Cn.
1023 839 1177 888 Oppius
1205 852 1328 885 socer,
1350 838 1521 888 optimus
1546 838 1610 884 vir,
1639 851 1676 873 ιο

285 907 335 943 ad
360 907 480 955 pedes
502 907 598 943 flens
625 904 777 951 iaceret,
801 913 959 942 noctem
988 904 1060 941 sibi
1086 906 1135 942 ad
1161 905 1459 942 deliberandum
1486 911 1615 954 postu-

285 972 425 1018 lasset;
455 984 555 1020 quae
581 970 811 1009 deliberatio
832 984 911 1008 non
935 971 971 1007 in
998 971 1210 1016 reddenda,
1235 983 1352 1019 quem
1374 971 1425 1008 ad
1451 970 1613 1006 modum

286 1049 364 1073 non
393 1035 487 1073 nulli
515 1036 813 1081 arbitrabantur,
837 1036 916 1081 sed,
941 1042 982 1072 ut
1011 1036 1249 1084 patefactum
1277 1042 1345 1081 est,
1369 1034 1407 1072 in
1434 1035 1614 1083 augenda

285 1101 465 1138 mercede
491 1108 724 1150 consumpta
749 1108 816 1138 est.
878 1102 1018 1137 Postea
1039 1113 1097 1137 res
1121 1107 1208 1137 acta
1229 1107 1287 1138 est
1315 1099 1353 1137 in
1375 1106 1513 1137 senatu
1539 1098 1613 1136 alia

284 1167 410 1203 nulla:
447 1178 536 1202 cum
565 1165 676 1203 variis
708 1164 923 1203 rationibus
954 1164 1219 1214 impediretur,
1251 1166 1453 1202 voluntate
1481 1172 1612 1202 tamen
1638 1179 1672 1210 15

284 1238 485 1280 perspecta
507 1238 675 1277 senatus,
695 1244 812 1268 causa
833 1231 883 1268 ad
905 1244 973 1268 vos
995 1243 1130 1268 mense
1153 1229 1337 1268 Ianuario
1353 1230 1610 1268 deferebatur.

286 1295 364 1333 Hic
385 1303 536 1333 tantum
559 1295 731 1333 interfuit
754 1295 852 1333 inter
874 1309 936 1333 me
957 1303 995 1333 et
1017 1294 1196 1333 inimicos
1221 1308 1340 1333 meos.
1402 1297 1498 1344 Ego,
1522 1308 1611 1332 cum

283 1360 461 1398 homines
488 1360 527 1397 in
553 1360 735 1398 tribunali
762 1360 923 1398 Aurelio
949 1361 1076 1410 palam
1103 1360 1297 1398 conscribi
1324 1360 1611 1409 centuriarique

282 1425 477 1473 vidissem,
496 1439 584 1463 cum
608 1427 873 1475 intellegerem
891 1432 1040 1463 veteres
1061 1427 1110 1463 ad
1133 1439 1241 1475 spem
1264 1424 1395 1463 caedis
1419 1425 1611 1464 Catilinae

282 1490 414 1540 copias
446 1504 530 1529 esse
561 1498 771 1536 revocatas,
805 1504 894 1528 cum
921 1490 1094 1529 viderem
1126 1504 1172 1529 ex
1202 1504 1247 1528 ea
1278 1497 1386 1540 parte
1416 1491 1608 1537 homines,
1633 1504 1673 1526 20

282 1556 392 1594 cuius
422 1556 538 1605 partis
569 1570 641 1594 nos
669 1558 729 1594 vel
761 1556 955 1606 principes
987 1557 1301 1603 numerabamur,
1332 1555 1471 1606 partim
1501 1557 1610 1605 quod

279 1621 373 1658 mihi
401 1621 629 1667 inviderent,
662 1621 802 1671 partim
832 1622 940 1670 quod
971 1621 1044 1659 sibi
1076 1621 1268 1668 timerent,
1296 1628 1362 1658 aut
1392 1620 1610 1670 proditores

277 1699 361 1724 esse
390 1694 456 1723 aut
489 1687 705 1724 desertores
737 1686 870 1724 salutis
905 1700 1027 1733 meae,
1051 1699 1142 1724 cum
1173 1687 1253 1724 duo
1278 1687 1459 1724 consules
1489 1685 1611 1736 empti

277 1750 457 1800 pactione
476 1750 762 1800 provinciarum
781 1758 961 1789 auctores
984 1764 1024 1788 se
1041 1750 1209 1788 inimicis
1230 1750 1283 1788 rei
1300 1750 1482 1800 publicae
1499 1751 1611 1788 tradi-

276 1815 435 1863 dissent,
473 1829 563 1854 cum
600 1823 812 1865 egestatem
850 1816 1050 1854 avaritiam
1093 1815 1276 1854 libidines
1310 1829 1398 1853 suas
1434 1815 1610 1854 viderent
1633 1829 1670 1861 25

276 1882 417 1930 expleri
449 1895 528 1918 non
556 1894 672 1930 posse
702 1881 777 1919 nisi
809 1896 865 1919 me
892 1881 1147 1920 constrictum
1179 1880 1406 1919 domesticis
1431 1880 1610 1919 hostibus

276 1945 530 1993 dedidissent,
549 1960 639 1985 cum
663 1956 821 1987 senatus
842 1951 1065 1999 equitesque
1086 1947 1258 1986 Romani
1280 1948 1370 1985 fiere
1392 1960 1461 1996 pro
1482 1960 1544 1984 me
1564 1960 1610 1984 ac

278 2018 424 2048 mutata
445 2019 551 2050 veste
572 2013 684 2052 vobis
708 2015 927 2066 supplicare
948 2015 1085 2054 edictis
1107 2023 1225 2065 atque
1247 2012 1418 2062 imperiis
1439 2020 1610 2050 vetaren-

277 2084 347 2122 tur,
371 2090 461 2114 cum
490 2079 668 2117 omnium
696 2081 983 2131 provinciarum
1010 2081 1221 2131 pactiones,
1246 2094 1337 2118 cum
1365 2078 1497 2117 omnia
1518 2091 1607 2115 cum

322 2194 341 2222 5
366 2185 517 2216 sollemni
540 2187 678 2217 deorum
704 2186 844 2216 Halmio
860 2190 941 2217 auct.
962 2186 1073 2216 Muell.
1096 2197 1102 2216 ε
1126 2185 1231 2216 solem
1251 2187 1291 2216 de
1309 2186 1341 2216 P
1356 2186 1421 2217 rell.
1438 2188 1567 2224 praeter
1582 2195 1609 2213 w

280 2227 461 2268 <solempni
482 2230 537 2267 de)
678 2241 716 2260 10
742 2230 874 2269 Oppius
892 2229 976 2260 PB:
1001 2229 1181 2269 Pompeius
1199 2229 1265 2260 rell.
1407 2240 1444 2268 13
1469 2229 1607 2258 arbitra-

280 2272 398 2301 bantur
412 2273 606 2313 Naugerius
623 2272 674 2312 (Ι)
694 2285 701 2303 z
716 2274 921 2303 arbitrantur
937 2273 1026 2304 codd.
1162 2282 1200 2311 15
1218 2273 1393 2303 voluntate
1407 2273 1468 2313 Lg.
1486 2282 1526 2309 24
1543 2283 1550 2302 ε
1574 2276 1607 2301 et

280 2316 454 2346 voluntate
476 2317 540 2347 rell.
638 2318 676 2346 16
702 2322 878 2356 perspecta
896 2316 1061 2356 Angelius
1077 2328 1083 2347 ε
1109 2316 1259 2356 perfecta
1278 2316 1365 2348 codd.
1446 2315 1504 2356 ad]
1519 2315 1606 2354 apud

280 2357 386 2390 Prell.
480 2370 516 2398 17
542 2364 701 2398 quantum
720 2360 834 2390 Madv.
942 2361 982 2389 26
1007 2371 1058 2391 me
1076 2360 1180 2400 suppl.
1201 2359 1391 2399 Naugerius
1410 2359 1459 2401 (1)
1566 2368 1605 2397 27

282 2404 483 2442 equitesque
499 2404 519 2433 k
538 2407 567 2434 et
583 2414 661 2435 corr.
681 2406 728 2435 cl:
753 2404 885 2444 equites
904 2404 970 2435 rell.
