1774 2782
260 126 310 162 34
330 134 369 165 92
692 120 747 156 M.
779 119 945 155 TVLLI
978 117 1284 155 CICERONIS

261 448 310 486 35

329 227 556 273 ineruditus,
581 227 688 276 quod
711 228 929 264 Minervam
947 240 1120 264 sororem
1139 226 1244 264 Iovis
1262 239 1346 264 esse
1360 225 1564 275 existim03
1585 227 1654 264 sed

329 298 461 328 tamen
483 304 554 340 ego
576 290 671 328 mihi
693 304 866 329 sororem
880 290 1067 339 virginem
1082 290 1271 338 adscisco,
1289 298 1331 330 tu
1353 304 1525 329 sororem
1548 299 1655 329 tuam

329 354 516 402 virginem
547 368 631 392 esse
661 368 740 392 non
772 354 864 392 sisti.
924 356 1003 393 Sed
1029 354 1119 393 vide
1146 368 1195 393 ne
1221 363 1262 393 tu
1293 363 1331 393 te
1362 356 1487 393 soleas
1520 356 1655 393 Iovem

329 418 471 466 dicere,
501 421 609 468 quod
641 427 681 457 tu
713 419 795 457 iure
818 421 986 457 eandem
1014 432 1187 457 sororem
1215 428 1253 458 et
1280 433 1440 457 uxorem
1461 421 1657 469 appellare

267 510 309 539 93
329 483 464 532 possis.
528 485 575 521 Et
598 484 784 534 quoniam
808 486 882 521 hoc
904 484 1168 533 reprehendis,
1192 486 1299 534 quod
1321 486 1445 522 solere
1467 497 1529 522 me
1549 484 1657 523 dicas

328 549 378 586 de
401 562 462 586 me
484 549 569 598 ipso
590 549 796 598 gloriosius
817 550 1054 598 praedicare,
1078 549 1165 598 quis
1186 563 1375 598 umquam
1398 549 1546 587 audivit
1567 562 1657 587 cum

328 626 401 663 ego
432 615 481 651 de
512 628 574 651 me
605 614 678 651 nisi
708 622 866 651 coactus
897 627 941 651 ac
972 614 1192 652 necessario
1221 614 1425 652 dicerem?
1482 615 1585 652 Nam
1613 616 1656 662 si,

328 692 417 716 cum
446 679 539 716 mihi
568 681 666 717 furta
694 679 918 728 largitiones
945 679 1127 717 libidines
1153 679 1389 727 obiciuntur,
1410 693 1482 730 ego
1502 693 1659 730 respon-

328 745 421 782 dere
450 745 559 782 soleo
588 746 685 782 meis
715 744 887 782 consiliis
925 746 1105 794 periculis
1142 744 1343 783 laboribus
1374 745 1539 795 patriam
1572 758 1659 784 esse

328 818 530 857 servatam,
555 824 634 848 non
656 818 734 848 tam
757 824 843 848 sum
866 811 1148 848 existimandus
1163 811 1213 848 de
1228 811 1347 860 gestis
1367 810 1485 848 rebus
1505 810 1657 860 gloriari

328 888 446 925 quam
468 876 518 914 de
538 876 702 913 obiectis
720 875 909 914 confiteri.
969 876 1046 914 Sed
1063 875 1094 913 si
1112 875 1206 913 mihi
1221 884 1312 914 ante
1333 876 1431 913 haec
1451 875 1659 915 durissima

328 939 380 978 rei
404 940 584 989 publicae
605 949 781 991 tempora
811 940 907 978 nihil
929 955 1117 991 umquam
1147 941 1254 980 aliud
1278 941 1479 980 obiectum
1506 950 1563 980 est
1584 942 1658 980 nisi

328 1005 536 1042 crudelitas
558 1005 641 1043 eius
657 1005 771 1043 unius
787 1007 984 1056 temporis,
1002 1019 1091 1044 cum
1106 1019 1126 1044 a
1145 1005 1268 1056 patria
1282 1006 1496 1055 perniciem
1511 1008 1656 1057 depuli,

328 1069 454 1119 quid?
483 1083 545 1108 me
568 1070 657 1108 huic
679 1071 889 1109 maledicto
906 1080 1033 1109 utrum
1057 1085 1136 1109 non
1158 1072 1398 1121 respondere
1416 1085 1467 1110 an
1489 1072 1658 1111 demisse

267 1146 310 1177 94
330 1136 567 1184 respondere
597 1136 758 1174 decuit?
815 1138 901 1186 Ego
931 1151 1021 1175 vero
1050 1137 1167 1175 etiam
1200 1138 1252 1176 rei
1290 1137 1470 1188 publicae
1505 1151 1659 1188 semper

269 1740 308 1769 95

328 1200 513 1238 interesse
535 1201 666 1251 putavi
690 1215 751 1239 me
773 1202 873 1240 illius
896 1203 1144 1252 pulcherrimi
1175 1203 1274 1250 facti,
1298 1204 1408 1253 quod
1430 1216 1475 1240 ex
1496 1203 1658 1241 auctori-

328 1273 407 1303 tate
431 1274 588 1304 senatus
616 1280 812 1305 consensu
843 1268 1037 1306 bonorum
1062 1268 1242 1306 omnium
1271 1281 1343 1318 pro
1363 1268 1488 1306 salute
1511 1267 1658 1317 patriae

327 1330 545 1379 gessissem,
570 1333 819 1381 splendorem
850 1333 976 1371 verbis
1008 1333 1321 1383 dignitatemque
1350 1331 1526 1378 retinere,
1554 1346 1657 1382 prae⁴

329 1396 459 1433 sertim
492 1410 582 1434 cum
618 1396 712 1434 mibi
746 1396 811 1434 uni
849 1399 888 1435 in
921 1399 993 1435 bac
1027 1412 1065 1435 re
1098 1398 1255 1448 publica
1289 1397 1475 1436 audiente
1510 1400 1658 1448 populo

330 1462 514 1500 Romano
535 1475 653 1512 opera
674 1476 760 1500 mea
782 1464 884 1501 hanc
906 1465 1042 1502 urbem
1060 1472 1097 1502 et
1119 1465 1221 1502 hanc
1243 1478 1322 1503 rem
1346 1464 1543 1515 publicam
1573 1477 1657 1503 esse

329 1528 473 1565 salvam
503 1527 627 1565 iurato
655 1528 784 1566 dicere
812 1530 868 1566 fas
891 1529 1036 1569 fuisset.
1098 1530 1346 1568 Exstinctum
1375 1538 1432 1569 est
1457 1531 1532 1568 iam
1562 1532 1656 1568 illud

330 1593 581 1631 maledictum
601 1594 850 1641 crudelitatis,
868 1597 975 1644 quod
992 1609 1053 1633 me
1070 1609 1149 1633 non
1166 1604 1206 1633 ut
1221 1597 1421 1634 crudelem
1437 1604 1655 1646 tyrannum,

329 1660 398 1697 sed
423 1666 464 1697 ut
485 1660 733 1698 mitissimum
757 1668 957 1710 parentem
981 1661 1158 1699 omnium
1185 1661 1330 1699 civium
1347 1661 1486 1700 studiis
1508 1661 1658 1700 deside-

328 1731 465 1770 ratum,
493 1724 711 1773 repetitum,
742 1727 969 1763 arcessitum
1005 1726 1149 1764 vident.
1213 1726 1333 1765 Aliud
1362 1734 1539 1764 exortum
1572 1734 1654 1766 est:

329 1788 496 1826 obicitur
511 1789 603 1826 mihi
627 1803 735 1827 meus
754 1790 816 1828 ille
833 1792 1027 1829 discessus
1044 1807 1050 1829 :
1073 1791 1135 1829 cui
1157 1804 1231 1841 ego
1248 1791 1400 1829 crimini
1418 1792 1656 1841 respondere

330 1852 412 1890 sine
434 1866 519 1891 mea
542 1854 708 1892 maxima
726 1856 840 1893 laude
859 1869 937 1893 non
952 1869 1125 1906 possum.
1177 1856 1286 1905 Quid
1304 1856 1419 1903 enim,
1437 1856 1653 1906 pontifices,

329 1918 459 1956 debeo
480 1919 637 1957 dicere?
695 1921 903 1959 Peccatine
925 1921 1166 1960 conscientia
1189 1936 1251 1960 me
1279 1921 1525 1972 profugisse?
1553 1930 1591 1960 at
1617 1922 1656 1960 id

330 1985 438 2032 quod
470 1984 563 2021 mibi
590 1985 741 2023 crimini
770 1986 937 2024 dabatur
965 2000 1045 2024 non
1077 1988 1198 2025 modo
1227 1995 1432 2036 peccatum
1458 2000 1538 2024 non
1563 1995 1657 2034 erat,

329 2049 397 2086 sed
428 2057 507 2086 erat
538 2063 595 2087 res
626 2059 713 2099 post
744 2059 857 2089 natos
888 2053 1069 2090 homines
1105 2052 1376 2102 pulcherrima.
1457 2051 1655 2090 Iudicium

330 2114 462 2163 populi
492 2114 766 2163 pertimuisse?
795 2124 834 2154 at
859 2116 898 2155 id
925 2130 997 2155 nec
1022 2117 1267 2168 propositum
1295 2118 1417 2155 ullum
1444 2116 1524 2164 fuit,
1552 2125 1600 2164 et,
1624 2117 1654 2156 si

331 2178 474 2225 fuisset,
498 2179 697 2228 duplicata
723 2182 844 2230 gloria
872 2181 1149 2220 discessissem.
1211 2184 1411 2220 Bonorum
1434 2182 1529 2220 mihi
1551 2196 1656 2232 prae-

374 2293 391 2319 4
417 2282 537 2312 ducere
556 2282 667 2313 ΜιιεΙΙ.
787 2285 807 2314 6
832 2285 904 2324 ipso
922 2284 1011 2316 codd.
1026 2288 1153 2325 practer
1166 2284 1208 2314 P¹
1229 2284 1385 2323 (ipsam):
1413 2284 1520 2324 ipsum
1540 2285 1650 2317 Muell.

335 2335 371 2362 13
400 2325 472 2354 eius
496 2325 635 2357 MnelL:
669 2326 756 2357 illius
782 2328 836 2358 all.
866 2329 910 2360 (el
933 2340 996 2359 om.
1027 2329 1125 2358 unius
1149 2327 1240 2367 Hb):
1273 2339 1312 2358 ea
1337 2327 1424 2358 codd.
1447 2328 1547 2367 plen:
1582 2339 1655 2359 mea

330 2368 488 2399 Momms.
509 2380 513 2398 :
534 2374 566 2399 et
581 2380 618 2399 ea
634 2369 744 2400 Madv.
763 2382 769 2400 ε
789 2381 895 2410 eaque
914 2371 1021 2402 Halm
1113 2382 1150 2410 27
1180 2371 1358 2401 Peccatine
1370 2370 1477 2401 Halm
1495 2384 1501 2402 :
1525 2373 1653 2411 peccati

330 2422 381 2441 me
399 2412 486 2442 codd.
615 2424 656 2452 30
681 2414 712 2444 id
730 2414 787 2444 dcl.
808 2413 981 2455 Mammas„
1001 2415 1088 2446 Bait.

1680 826 1719 848 10

1682 1151 1716 1183 15

1680 1479 1718 1501 20

1679 1802 1716 1833 25
