<?xml version="1.0" encoding="UTF-8"?>
<!DOCTYPE html PUBLIC "-//W3C//DTD XHTML 1.0 Transitional//EN"
    "http://www.w3.org/TR/xhtml1/DTD/xhtml1-transitional.dtd">
<html xmlns="http://www.w3.org/1999/xhtml" xml:lang="en" lang="en">
 <head>
  <title>
</title>
<meta http-equiv="Content-Type" content="text/html;charset=utf-8" />
  <meta name='ocr-system' content='tesseract 3.04.00' />
  <meta name='ocr-capabilities' content='ocr_page ocr_carea ocr_par ocr_line ocrx_word'/>
</head>
<body>
  <div class='ocr_page' id='page_1' title='image "./orationesrecogno05ciceuoft/orationesrecogno05ciceuoft_0196.png"; bbox 0 0 1774 2782; ppageno 0'>
   <div class='ocr_carea' id='block_1_1' title="bbox 238 125 1278 173">
    <p class='ocr_par' dir='ltr' id='par_1_1' title="bbox 238 125 1278 173">
     <span class='ocr_line' id='line_1_1' title="bbox 238 125 1278 173; baseline 0.001 -12"><span class='ocrx_word' id='word_1_1' title='bbox 238 136 296 173; x_wconf 87' lang='lat'>49</span> <span class='ocrx_word' id='word_1_2' title='bbox 320 140 379 170; x_wconf 68' lang='lat'>104</span> <span class='ocrx_word' id='word_1_3' title='bbox 684 127 739 162; x_wconf 88' lang='lat' dir='ltr'>M.</span> <span class='ocrx_word' id='word_1_4' title='bbox 772 126 939 162; x_wconf 77' lang='lat' dir='ltr'>TVLLI</span> <span class='ocrx_word' id='word_1_5' title='bbox 972 125 1278 163; x_wconf 77' lang='lat' dir='ltr'><strong>CICERONIS</strong></span> 
     </span>
    </p>
   </div>
   <div class='ocr_carea' id='block_1_2' title="bbox 230 232 1699 2030">
    <p class='ocr_par' dir='ltr' id='par_1_2' title="bbox 230 232 1699 2030">
     <span class='ocr_line' id='line_1_2' title="bbox 314 232 1641 282; baseline -0.001 -12"><span class='ocrx_word' id='word_1_6' title='bbox 314 234 470 272; x_wconf 87' lang='lat' dir='ltr'>suerunt</span> <span class='ocrx_word' id='word_1_7' title='bbox 497 233 536 271; x_wconf 90' lang='lat' dir='ltr'>in</span> <span class='ocrx_word' id='word_1_8' title='bbox 564 246 609 271; x_wconf 91' lang='lat' dir='ltr'>ea</span> <span class='ocrx_word' id='word_1_9' title='bbox 633 233 888 271; x_wconf 82' lang='lat' dir='ltr'>contentione</span> <span class='ocrx_word' id='word_1_10' title='bbox 916 240 957 270; x_wconf 89' lang='lat' dir='ltr'>ut</span> <span class='ocrx_word' id='word_1_11' title='bbox 983 232 1181 282; x_wconf 80' lang='lat' dir='ltr'>popularis</span> <span class='ocrx_word' id='word_1_12' title='bbox 1208 232 1402 281; x_wconf 80' lang='lat' dir='ltr'>cupiditas</span> <span class='ocrx_word' id='word_1_13' title='bbox 1427 246 1450 270; x_wconf 88' lang='lat' dir='ltr'>a</span> <span class='ocrx_word' id='word_1_14' title='bbox 1477 232 1641 270; x_wconf 82' lang='lat' dir='ltr'>consilio</span> 
     </span>
     <span class='ocr_line' id='line_1_3' title="bbox 312 297 1641 347; baseline -0.002 -12"><span class='ocrx_word' id='word_1_15' title='bbox 312 298 533 347; x_wconf 85' lang='lat' dir='ltr'>principum</span> <span class='ocrx_word' id='word_1_16' title='bbox 568 298 784 336; x_wconf 81' lang='lat' dir='ltr'>dissideret.</span> <span class='ocrx_word' id='word_1_17' title='bbox 845 300 962 335; x_wconf 93' lang='lat' dir='ltr'>Nunc</span> <span class='ocrx_word' id='word_1_18' title='bbox 996 297 1072 334; x_wconf 84' lang='lat' dir='ltr'>iam</span> <span class='ocrx_word' id='word_1_19' title='bbox 1108 297 1205 334; x_wconf 84' lang='lat' dir='ltr'>nihil</span> <span class='ocrx_word' id='word_1_20' title='bbox 1239 304 1297 335; x_wconf 90' lang='lat' dir='ltr'>est</span> <span class='ocrx_word' id='word_1_21' title='bbox 1332 298 1440 346; x_wconf 82' lang='lat' dir='ltr'>quod</span> <span class='ocrx_word' id='word_1_22' title='bbox 1473 298 1641 346; x_wconf 90' lang='lat' dir='ltr'>populus</span> 
     </span>
     <span class='ocr_line' id='line_1_4' title="bbox 310 361 1640 412; baseline -0.002 -12"><span class='ocrx_word' id='word_1_23' title='bbox 310 376 332 400; x_wconf 89' lang='lat' dir='ltr'>a</span> <span class='ocrx_word' id='word_1_24' title='bbox 353 362 515 401; x_wconf 89' lang='lat' dir='ltr'>delectis</span> <span class='ocrx_word' id='word_1_25' title='bbox 541 362 862 412; x_wconf 84' lang='lat' dir='ltr'>principibusque</span> <span class='ocrx_word' id='word_1_26' title='bbox 883 362 1110 400; x_wconf 78' lang='lat' dir='ltr'>dissentiat:</span> <span class='ocrx_word' id='word_1_27' title='bbox 1141 375 1214 400; x_wconf 91' lang='lat' dir='ltr'>nec</span> <span class='ocrx_word' id='word_1_28' title='bbox 1242 361 1388 411; x_wconf 87' lang='lat' dir='ltr'>flagitat</span> <span class='ocrx_word' id='word_1_29' title='bbox 1415 375 1495 399; x_wconf 91' lang='lat' dir='ltr'>rem</span> <span class='ocrx_word' id='word_1_30' title='bbox 1522 363 1640 398; x_wconf 89' lang='lat' dir='ltr'>ullam</span> 
     </span>
     <span class='ocr_line' id='line_1_5' title="bbox 311 425 1641 478; baseline -0.001 -13"><span class='ocrx_word' id='word_1_31' title='bbox 311 442 441 478; x_wconf 87' lang='lat' dir='ltr'>neque</span> <span class='ocrx_word' id='word_1_32' title='bbox 465 441 654 466; x_wconf 87' lang='lat' dir='ltr'>novarum</span> <span class='ocrx_word' id='word_1_33' title='bbox 683 441 809 465; x_wconf 90' lang='lat' dir='ltr'>rerum</span> <span class='ocrx_word' id='word_1_34' title='bbox 838 435 895 466; x_wconf 88' lang='lat' dir='ltr'>est</span> <span class='ocrx_word' id='word_1_35' title='bbox 923 426 1090 476; x_wconf 92' lang='lat' dir='ltr'>cupidus</span> <span class='ocrx_word' id='word_1_36' title='bbox 1118 433 1156 465; x_wconf 91' lang='lat' dir='ltr'>et</span> <span class='ocrx_word' id='word_1_37' title='bbox 1183 426 1264 465; x_wconf 92' lang='lat' dir='ltr'>otio</span> <span class='ocrx_word' id='word_1_38' title='bbox 1291 440 1363 464; x_wconf 87' lang='lat' dir='ltr'>suo</span> <span class='ocrx_word' id='word_1_39' title='bbox 1388 433 1426 464; x_wconf 94' lang='lat' dir='ltr'>et</span> <span class='ocrx_word' id='word_1_40' title='bbox 1452 425 1641 476; x_wconf 82' lang='lat' dir='ltr'>dignitate</span> 
     </span>
     <span class='ocr_line' id='line_1_6' title="bbox 310 490 1678 542; baseline -0.001 -12"><span class='ocrx_word' id='word_1_41' title='bbox 310 492 448 542; x_wconf 91' lang='lat' dir='ltr'>optimi</span> <span class='ocrx_word' id='word_1_42' title='bbox 469 492 660 542; x_wconf 83' lang='lat' dir='ltr'>cuiusque</span> <span class='ocrx_word' id='word_1_43' title='bbox 687 500 724 531; x_wconf 92' lang='lat' dir='ltr'>et</span> <span class='ocrx_word' id='word_1_44' title='bbox 752 492 955 530; x_wconf 84' lang='lat' dir='ltr'>universae</span> <span class='ocrx_word' id='word_1_45' title='bbox 983 491 1035 530; x_wconf 93' lang='lat' dir='ltr'>rei</span> <span class='ocrx_word' id='word_1_46' title='bbox 1063 491 1245 541; x_wconf 89' lang='lat' dir='ltr'>publicae</span> <span class='ocrx_word' id='word_1_47' title='bbox 1271 490 1392 541; x_wconf 86' lang='lat' dir='ltr'>gloria</span> <span class='ocrx_word' id='word_1_48' title='bbox 1412 492 1637 529; x_wconf 84' lang='lat' dir='ltr'>delectatur.</span> <span class='ocrx_word' id='word_1_49' title='bbox 1661 506 1678 537; x_wconf 84' lang='lat'>5</span> 
     </span>
     <span class='ocr_line' id='line_1_7' title="bbox 312 555 1640 606; baseline -0.001 -12"><span class='ocrx_word' id='word_1_50' title='bbox 312 559 451 606; x_wconf 83' lang='lat' dir='ltr'>Itaque</span> <span class='ocrx_word' id='word_1_51' title='bbox 473 557 653 596; x_wconf 86' lang='lat' dir='ltr'>homines</span> <span class='ocrx_word' id='word_1_52' title='bbox 681 557 855 595; x_wconf 83' lang='lat' dir='ltr'>seditiosi</span> <span class='ocrx_word' id='word_1_53' title='bbox 877 570 922 594; x_wconf 90' lang='lat' dir='ltr'>ac</span> <span class='ocrx_word' id='word_1_54' title='bbox 944 555 1169 603; x_wconf 84' lang='lat' dir='ltr'>turbulenti,</span> <span class='ocrx_word' id='word_1_55' title='bbox 1193 555 1285 605; x_wconf 85' lang='lat' dir='ltr'>quia</span> <span class='ocrx_word' id='word_1_56' title='bbox 1305 557 1411 593; x_wconf 88' lang='lat' dir='ltr'>nulla</span> <span class='ocrx_word' id='word_1_57' title='bbox 1432 555 1507 593; x_wconf 91' lang='lat' dir='ltr'>iam</span> <span class='ocrx_word' id='word_1_58' title='bbox 1530 555 1640 605; x_wconf 87' lang='lat' dir='ltr'>largi-</span> 
     </span>
     <span class='ocr_line' id='line_1_8' title="bbox 310 620 1640 671; baseline -0.002 -11"><span class='ocrx_word' id='word_1_59' title='bbox 310 623 417 660; x_wconf 85' lang='lat' dir='ltr'>tione</span> <span class='ocrx_word' id='word_1_60' title='bbox 447 623 636 671; x_wconf 88' lang='lat' dir='ltr'>populum</span> <span class='ocrx_word' id='word_1_61' title='bbox 669 623 896 659; x_wconf 88' lang='lat' dir='ltr'>Romanum</span> <span class='ocrx_word' id='word_1_62' title='bbox 928 620 1125 658; x_wconf 87' lang='lat' dir='ltr'>concitare</span> <span class='ocrx_word' id='word_1_63' title='bbox 1157 628 1332 670; x_wconf 84' lang='lat' dir='ltr'>possunt,</span> <span class='ocrx_word' id='word_1_64' title='bbox 1365 621 1473 670; x_wconf 83' lang='lat' dir='ltr'>quod</span> <span class='ocrx_word' id='word_1_65' title='bbox 1505 621 1640 670; x_wconf 91' lang='lat' dir='ltr'>plebes</span> 
     </span>
     <span class='ocr_line' id='line_1_9' title="bbox 309 685 1641 737; baseline -0.001 -12"><span class='ocrx_word' id='word_1_66' title='bbox 309 689 512 737; x_wconf 86' lang='lat' dir='ltr'>perfuncta</span> <span class='ocrx_word' id='word_1_67' title='bbox 540 687 775 737; x_wconf 87' lang='lat' dir='ltr'>gravissimis</span> <span class='ocrx_word' id='word_1_68' title='bbox 806 686 1065 725; x_wconf 85' lang='lat' dir='ltr'>seditionibus</span> <span class='ocrx_word' id='word_1_69' title='bbox 1094 699 1139 724; x_wconf 88' lang='lat' dir='ltr'>ac</span> <span class='ocrx_word' id='word_1_70' title='bbox 1170 685 1375 724; x_wconf 83' lang='lat' dir='ltr'>discordiis</span> <span class='ocrx_word' id='word_1_71' title='bbox 1406 685 1528 723; x_wconf 91' lang='lat' dir='ltr'>otium</span> <span class='ocrx_word' id='word_1_72' title='bbox 1563 700 1641 724; x_wconf 87' lang='lat' dir='ltr'>am-</span> 
     </span>
     <span class='ocr_line' id='line_1_10' title="bbox 309 751 1641 802; baseline 0.001 -12"><span class='ocrx_word' id='word_1_73' title='bbox 309 754 493 802; x_wconf 80' lang='lat' dir='ltr'>plexatur,</span> <span class='ocrx_word' id='word_1_74' title='bbox 518 754 735 791; x_wconf 87' lang='lat' dir='ltr'>conductas</span> <span class='ocrx_word' id='word_1_75' title='bbox 763 753 910 791; x_wconf 88' lang='lat' dir='ltr'>habent</span> <span class='ocrx_word' id='word_1_76' title='bbox 938 751 1156 799; x_wconf 85' lang='lat' dir='ltr'>contiones,</span> <span class='ocrx_word' id='word_1_77' title='bbox 1178 765 1308 802; x_wconf 85' lang='lat' dir='ltr'>neque</span> <span class='ocrx_word' id='word_1_78' title='bbox 1333 751 1372 790; x_wconf 88' lang='lat' dir='ltr'>id</span> <span class='ocrx_word' id='word_1_79' title='bbox 1392 759 1512 802; x_wconf 85' lang='lat' dir='ltr'>agunt</span> <span class='ocrx_word' id='word_1_80' title='bbox 1533 761 1574 791; x_wconf 90' lang='lat' dir='ltr'>ut</span> <span class='ocrx_word' id='word_1_81' title='bbox 1595 767 1641 791; x_wconf 88' lang='lat' dir='ltr'>ea</span> 
     </span>
     <span class='ocr_line' id='line_1_11' title="bbox 309 817 1699 868; baseline 0.001 -13"><span class='ocrx_word' id='word_1_82' title='bbox 309 819 441 856; x_wconf 84' lang='lat' dir='ltr'>dicant</span> <span class='ocrx_word' id='word_1_83' title='bbox 462 826 528 856; x_wconf 88' lang='lat' dir='ltr'>aut</span> <span class='ocrx_word' id='word_1_84' title='bbox 550 820 672 856; x_wconf 89' lang='lat' dir='ltr'>ferant</span> <span class='ocrx_word' id='word_1_85' title='bbox 689 832 790 868; x_wconf 85' lang='lat' dir='ltr'>quae</span> <span class='ocrx_word' id='word_1_86' title='bbox 812 819 863 855; x_wconf 93' lang='lat' dir='ltr'>illi</span> <span class='ocrx_word' id='word_1_87' title='bbox 886 817 1005 856; x_wconf 82' lang='lat' dir='ltr'>velint</span> <span class='ocrx_word' id='word_1_88' title='bbox 1026 817 1162 856; x_wconf 84' lang='lat' dir='ltr'>audire</span> <span class='ocrx_word' id='word_1_89' title='bbox 1182 817 1249 867; x_wconf 85' lang='lat' dir='ltr'>qui</span> <span class='ocrx_word' id='word_1_90' title='bbox 1272 817 1310 854; x_wconf 91' lang='lat' dir='ltr'>in</span> <span class='ocrx_word' id='word_1_91' title='bbox 1331 817 1516 856; x_wconf 89' lang='lat' dir='ltr'>contione</span> <span class='ocrx_word' id='word_1_92' title='bbox 1536 827 1636 866; x_wconf 89' lang='lat' dir='ltr'>sunt,</span> <span class='ocrx_word' id='word_1_93' title='bbox 1663 836 1699 857; x_wconf 94' lang='lat'>10</span> 
     </span>
     <span class='ocr_line' id='line_1_12' title="bbox 308 882 1639 934; baseline 0 -12"><span class='ocrx_word' id='word_1_94' title='bbox 308 885 378 922; x_wconf 88' lang='lat' dir='ltr'>sed</span> <span class='ocrx_word' id='word_1_95' title='bbox 400 884 524 934; x_wconf 90' lang='lat' dir='ltr'>pretio</span> <span class='ocrx_word' id='word_1_96' title='bbox 551 898 596 922; x_wconf 89' lang='lat' dir='ltr'>ac</span> <span class='ocrx_word' id='word_1_97' title='bbox 626 885 806 922; x_wconf 85' lang='lat' dir='ltr'>mercede</span> <span class='ocrx_word' id='word_1_98' title='bbox 831 883 1038 933; x_wconf 83' lang='lat' dir='ltr'>perficiunt</span> <span class='ocrx_word' id='word_1_99' title='bbox 1059 890 1113 931; x_wconf 85' lang='lat' dir='ltr'>ut,</span> <span class='ocrx_word' id='word_1_100' title='bbox 1134 882 1325 933; x_wconf 84' lang='lat' dir='ltr'>quicquid</span> <span class='ocrx_word' id='word_1_101' title='bbox 1352 882 1496 931; x_wconf 88' lang='lat' dir='ltr'>dicant,</span> <span class='ocrx_word' id='word_1_102' title='bbox 1520 885 1559 922; x_wconf 91' lang='lat' dir='ltr'>id</span> <span class='ocrx_word' id='word_1_103' title='bbox 1586 884 1639 922; x_wconf 93' lang='lat' dir='ltr'>illi</span> 
     </span>
     <span class='ocr_line' id='line_1_13' title="bbox 230 949 1639 993; baseline 0.002 -8"><span class='ocrx_word' id='word_1_104' title='bbox 230 963 286 993; x_wconf 76' lang='lat'>105</span> <span class='ocrx_word' id='word_1_105' title='bbox 309 951 407 988; x_wconf 90' lang='lat' dir='ltr'>velle</span> <span class='ocrx_word' id='word_1_106' title='bbox 433 950 567 988; x_wconf 86' lang='lat' dir='ltr'>audire</span> <span class='ocrx_word' id='word_1_107' title='bbox 589 949 804 987; x_wconf 86' lang='lat' dir='ltr'>videantur.</span> <span class='ocrx_word' id='word_1_108' title='bbox 866 951 972 987; x_wconf 91' lang='lat' dir='ltr'>Num</span> <span class='ocrx_word' id='word_1_109' title='bbox 998 962 1066 987; x_wconf 90' lang='lat' dir='ltr'>vos</span> <span class='ocrx_word' id='word_1_110' title='bbox 1094 949 1323 988; x_wconf 86' lang='lat' dir='ltr'>existimatis</span> <span class='ocrx_word' id='word_1_111' title='bbox 1344 950 1546 988; x_wconf 82' lang='lat' dir='ltr'>Gracchos</span> <span class='ocrx_word' id='word_1_112' title='bbox 1572 958 1639 988; x_wconf 89' lang='lat' dir='ltr'>aut</span> 
     </span>
     <span class='ocr_line' id='line_1_14' title="bbox 309 1014 1637 1065; baseline -0.001 -12"><span class='ocrx_word' id='word_1_113' title='bbox 309 1017 560 1054; x_wconf 87' lang='lat' dir='ltr'>Saturninum</span> <span class='ocrx_word' id='word_1_114' title='bbox 591 1023 657 1053; x_wconf 90' lang='lat' dir='ltr'>aut</span> <span class='ocrx_word' id='word_1_115' title='bbox 684 1028 924 1065; x_wconf 77' lang='lat' dir='ltr'>quemquam</span> <span class='ocrx_word' id='word_1_116' title='bbox 955 1016 1110 1053; x_wconf 90' lang='lat' dir='ltr'>illorum</span> <span class='ocrx_word' id='word_1_117' title='bbox 1138 1022 1312 1053; x_wconf 89' lang='lat' dir='ltr'>veterum</span> <span class='ocrx_word' id='word_1_118' title='bbox 1334 1014 1401 1064; x_wconf 84' lang='lat' dir='ltr'>qui</span> <span class='ocrx_word' id='word_1_119' title='bbox 1431 1016 1637 1065; x_wconf 84' lang='lat' dir='ltr'>populares</span> 
     </span>
     <span class='ocr_line' id='line_1_15' title="bbox 308 1079 1638 1129; baseline 0 -11"><span class='ocrx_word' id='word_1_120' title='bbox 308 1081 553 1119; x_wconf 82' lang='lat' dir='ltr'>habebantur</span> <span class='ocrx_word' id='word_1_121' title='bbox 567 1081 689 1118; x_wconf 90' lang='lat' dir='ltr'>ullum</span> <span class='ocrx_word' id='word_1_122' title='bbox 706 1093 894 1129; x_wconf 82' lang='lat' dir='ltr'>umquam</span> <span class='ocrx_word' id='word_1_123' title='bbox 913 1079 951 1117; x_wconf 90' lang='lat' dir='ltr'>in</span> <span class='ocrx_word' id='word_1_124' title='bbox 968 1079 1155 1118; x_wconf 84' lang='lat' dir='ltr'>contione</span> <span class='ocrx_word' id='word_1_125' title='bbox 1171 1079 1356 1117; x_wconf 86' lang='lat' dir='ltr'>habuisse</span> <span class='ocrx_word' id='word_1_126' title='bbox 1371 1080 1638 1118; x_wconf 89' lang='lat' dir='ltr'>conductum?</span> 
     </span>
     <span class='ocr_line' id='line_1_16' title="bbox 309 1144 1695 1196; baseline -0.001 -12"><span class='ocrx_word' id='word_1_127' title='bbox 309 1147 439 1184; x_wconf 91' lang='lat' dir='ltr'>Nemo</span> <span class='ocrx_word' id='word_1_128' title='bbox 460 1145 621 1193; x_wconf 79' lang='lat' dir='ltr'>habuit3</span> <span class='ocrx_word' id='word_1_129' title='bbox 651 1144 734 1194; x_wconf 88' lang='lat' dir='ltr'>ipsa</span> <span class='ocrx_word' id='word_1_130' title='bbox 755 1145 859 1182; x_wconf 88' lang='lat' dir='ltr'>enim</span> <span class='ocrx_word' id='word_1_131' title='bbox 887 1145 1037 1194; x_wconf 82' lang='lat' dir='ltr'>largitio</span> <span class='ocrx_word' id='word_1_132' title='bbox 1058 1152 1095 1183; x_wconf 87' lang='lat' dir='ltr'>et</span> <span class='ocrx_word' id='word_1_133' title='bbox 1116 1158 1205 1194; x_wconf 85' lang='lat' dir='ltr'>spes</span> <span class='ocrx_word' id='word_1_134' title='bbox 1226 1145 1427 1183; x_wconf 91' lang='lat' dir='ltr'>commodi</span> <span class='ocrx_word' id='word_1_135' title='bbox 1449 1145 1635 1196; x_wconf 87' lang='lat' dir='ltr'>propositi</span> <span class='ocrx_word' id='word_1_136' title='bbox 1659 1161 1695 1193; x_wconf 88' lang='lat'>15</span> 
     </span>
     <span class='ocr_line' id='line_1_17' title="bbox 307 1209 1637 1260; baseline 0 -12"><span class='ocrx_word' id='word_1_137' title='bbox 307 1210 391 1249; x_wconf 89' lang='lat' dir='ltr'>sine</span> <span class='ocrx_word' id='word_1_138' title='bbox 413 1212 593 1249; x_wconf 87' lang='lat' dir='ltr'>mercede</span> <span class='ocrx_word' id='word_1_139' title='bbox 614 1211 692 1247; x_wconf 89' lang='lat' dir='ltr'>ulla</span> <span class='ocrx_word' id='word_1_140' title='bbox 712 1209 1004 1248; x_wconf 88' lang='lat' dir='ltr'>multitudinem</span> <span class='ocrx_word' id='word_1_141' title='bbox 1031 1210 1265 1247; x_wconf 78' lang='lat' dir='ltr'>concitabat.</span> <span class='ocrx_word' id='word_1_142' title='bbox 1329 1212 1468 1259; x_wconf 83' lang='lat' dir='ltr'>Itaque</span> <span class='ocrx_word' id='word_1_143' title='bbox 1488 1217 1637 1260; x_wconf 89' lang='lat' dir='ltr'>tempo-</span> 
     </span>
     <span class='ocr_line' id='line_1_18' title="bbox 307 1274 1635 1326; baseline 0.001 -13"><span class='ocrx_word' id='word_1_144' title='bbox 307 1276 412 1315; x_wconf 86' lang='lat' dir='ltr'>ribus</span> <span class='ocrx_word' id='word_1_145' title='bbox 434 1276 518 1323; x_wconf 90' lang='lat' dir='ltr'>illis,</span> <span class='ocrx_word' id='word_1_146' title='bbox 542 1277 607 1326; x_wconf 84' lang='lat' dir='ltr'>qui</span> <span class='ocrx_word' id='word_1_147' title='bbox 630 1277 836 1325; x_wconf 80' lang='lat' dir='ltr'>populares</span> <span class='ocrx_word' id='word_1_148' title='bbox 858 1283 977 1322; x_wconf 79' lang='lat' dir='ltr'>erant,</span> <span class='ocrx_word' id='word_1_149' title='bbox 996 1275 1252 1313; x_wconf 85' lang='lat' dir='ltr'>offendebant</span> <span class='ocrx_word' id='word_1_150' title='bbox 1274 1274 1326 1312; x_wconf 89' lang='lat' dir='ltr'>illi</span> <span class='ocrx_word' id='word_1_151' title='bbox 1349 1275 1510 1324; x_wconf 84' lang='lat' dir='ltr'>quidem</span> <span class='ocrx_word' id='word_1_152' title='bbox 1531 1277 1635 1325; x_wconf 89' lang='lat' dir='ltr'>apud</span> 
     </span>
     <span class='ocr_line' id='line_1_19' title="bbox 304 1339 1634 1391; baseline -0.003 -11"><span class='ocrx_word' id='word_1_153' title='bbox 304 1343 428 1391; x_wconf 87' lang='lat' dir='ltr'>gravis</span> <span class='ocrx_word' id='word_1_154' title='bbox 456 1349 493 1379; x_wconf 91' lang='lat' dir='ltr'>et</span> <span class='ocrx_word' id='word_1_155' title='bbox 520 1342 707 1379; x_wconf 86' lang='lat' dir='ltr'>honestos</span> <span class='ocrx_word' id='word_1_156' title='bbox 730 1339 922 1384; x_wconf 85' lang='lat' dir='ltr'>homines,</span> <span class='ocrx_word' id='word_1_157' title='bbox 944 1341 1012 1378; x_wconf 84' lang='lat' dir='ltr'>sed</span> <span class='ocrx_word' id='word_1_158' title='bbox 1040 1341 1174 1389; x_wconf 88' lang='lat' dir='ltr'>populi</span> <span class='ocrx_word' id='word_1_159' title='bbox 1203 1339 1355 1377; x_wconf 89' lang='lat' dir='ltr'>iudiciis</span> <span class='ocrx_word' id='word_1_160' title='bbox 1382 1347 1500 1388; x_wconf 84' lang='lat' dir='ltr'>atque</span> <span class='ocrx_word' id='word_1_161' title='bbox 1527 1340 1634 1377; x_wconf 91' lang='lat' dir='ltr'>omni</span> 
     </span>
     <span class='ocr_line' id='line_1_20' title="bbox 305 1404 1634 1456; baseline -0.002 -12"><span class='ocrx_word' id='word_1_162' title='bbox 305 1406 589 1456; x_wconf 82' lang='lat' dir='ltr'>significatione</span> <span class='ocrx_word' id='word_1_163' title='bbox 628 1405 831 1443; x_wconf 88' lang='lat' dir='ltr'>florebant.</span> <span class='ocrx_word' id='word_1_164' title='bbox 898 1405 973 1443; x_wconf 89' lang='lat' dir='ltr'>His</span> <span class='ocrx_word' id='word_1_165' title='bbox 1013 1404 1052 1442; x_wconf 90' lang='lat' dir='ltr'>in</span> <span class='ocrx_word' id='word_1_166' title='bbox 1091 1407 1244 1442; x_wconf 87' lang='lat' dir='ltr'>theatro</span> <span class='ocrx_word' id='word_1_167' title='bbox 1283 1404 1553 1454; x_wconf 86' lang='lat' dir='ltr'>plaudebatur‚</span> <span class='ocrx_word' id='word_1_168' title='bbox 1595 1405 1634 1442; x_wconf 89' lang='lat' dir='ltr'>hi</span> 
     </span>
     <span class='ocr_line' id='line_1_21' title="bbox 304 1469 1695 1520; baseline -0.004 -12"><span class='ocrx_word' id='word_1_169' title='bbox 304 1470 492 1520; x_wconf 79' lang='lat' dir='ltr'>suffragiis</span> <span class='ocrx_word' id='word_1_170' title='bbox 507 1471 615 1519; x_wconf 86' lang='lat' dir='ltr'>quod</span> <span class='ocrx_word' id='word_1_171' title='bbox 630 1471 915 1507; x_wconf 85' lang='lat' dir='ltr'>contenderant</span> <span class='ocrx_word' id='word_1_172' title='bbox 929 1470 1282 1519; x_wconf 86' lang='lat' dir='ltr'>consequebantur,</span> <span class='ocrx_word' id='word_1_173' title='bbox 1300 1470 1439 1507; x_wconf 88' lang='lat' dir='ltr'>horum</span> <span class='ocrx_word' id='word_1_174' title='bbox 1454 1469 1634 1508; x_wconf 88' lang='lat' dir='ltr'>homines</span> <span class='ocrx_word' id='word_1_175' title='bbox 1656 1483 1695 1504; x_wconf 88' lang='lat'>20</span> 
     </span>
     <span class='ocr_line' id='line_1_22' title="bbox 303 1534 1633 1582; baseline -0.002 -8"><span class='ocrx_word' id='word_1_176' title='bbox 303 1549 460 1582; x_wconf 87' lang='lat' dir='ltr'>nomen,</span> <span class='ocrx_word' id='word_1_177' title='bbox 484 1535 713 1582; x_wconf 83' lang='lat' dir='ltr'>orationem,</span> <span class='ocrx_word' id='word_1_178' title='bbox 737 1534 900 1581; x_wconf 89' lang='lat' dir='ltr'>vultum,</span> <span class='ocrx_word' id='word_1_179' title='bbox 925 1536 1120 1573; x_wconf 89' lang='lat' dir='ltr'>incessum</span> <span class='ocrx_word' id='word_1_180' title='bbox 1142 1535 1338 1572; x_wconf 88' lang='lat' dir='ltr'>amabant.</span> <span class='ocrx_word' id='word_1_181' title='bbox 1399 1534 1478 1582; x_wconf 84' lang='lat' dir='ltr'>Qui</span> <span class='ocrx_word' id='word_1_182' title='bbox 1502 1543 1633 1573; x_wconf 89' lang='lat' dir='ltr'>autem</span> 
     </span>
     <span class='ocr_line' id='line_1_23' title="bbox 302 1600 1633 1650; baseline 0.001 -11"><span class='ocrx_word' id='word_1_183' title='bbox 302 1602 610 1640; x_wconf 86' lang='lat' dir='ltr'>adversabantur</span> <span class='ocrx_word' id='word_1_184' title='bbox 641 1601 675 1638; x_wconf 91' lang='lat' dir='ltr'>ei</span> <span class='ocrx_word' id='word_1_185' title='bbox 713 1600 856 1650; x_wconf 85' lang='lat' dir='ltr'>generi,</span> <span class='ocrx_word' id='word_1_186' title='bbox 888 1614 1022 1650; x_wconf 87' lang='lat' dir='ltr'>graves</span> <span class='ocrx_word' id='word_1_187' title='bbox 1057 1608 1094 1639; x_wconf 91' lang='lat' dir='ltr'>et</span> <span class='ocrx_word' id='word_1_188' title='bbox 1130 1601 1260 1650; x_wconf 89' lang='lat' dir='ltr'>magni</span> <span class='ocrx_word' id='word_1_189' title='bbox 1299 1601 1479 1640; x_wconf 87' lang='lat' dir='ltr'>homines</span> <span class='ocrx_word' id='word_1_190' title='bbox 1519 1602 1633 1640; x_wconf 86' lang='lat' dir='ltr'>habe-</span> 
     </span>
     <span class='ocr_line' id='line_1_24' title="bbox 304 1666 1634 1715; baseline 0 -10"><span class='ocrx_word' id='word_1_191' title='bbox 304 1668 469 1714; x_wconf 79' lang='lat' dir='ltr'>bantur3</span> <span class='ocrx_word' id='word_1_192' title='bbox 499 1667 569 1704; x_wconf 91' lang='lat' dir='ltr'>sed</span> <span class='ocrx_word' id='word_1_193' title='bbox 591 1666 772 1703; x_wconf 87' lang='lat' dir='ltr'>valebant</span> <span class='ocrx_word' id='word_1_194' title='bbox 802 1667 841 1703; x_wconf 90' lang='lat' dir='ltr'>in</span> <span class='ocrx_word' id='word_1_195' title='bbox 872 1674 1008 1704; x_wconf 85' lang='lat' dir='ltr'>senatu</span> <span class='ocrx_word' id='word_1_196' title='bbox 1039 1668 1218 1713; x_wconf 88' lang='lat' dir='ltr'>multum,</span> <span class='ocrx_word' id='word_1_197' title='bbox 1244 1667 1351 1715; x_wconf 86' lang='lat' dir='ltr'>apud</span> <span class='ocrx_word' id='word_1_198' title='bbox 1382 1666 1508 1705; x_wconf 91' lang='lat' dir='ltr'>bonos</span> <span class='ocrx_word' id='word_1_199' title='bbox 1532 1666 1634 1705; x_wconf 89' lang='lat' dir='ltr'>viros</span> 
     </span>
     <span class='ocr_line' id='line_1_25' title="bbox 302 1730 1634 1781; baseline 0.002 -12"><span class='ocrx_word' id='word_1_200' title='bbox 302 1731 525 1781; x_wconf 86' lang='lat' dir='ltr'>plurimum,</span> <span class='ocrx_word' id='word_1_201' title='bbox 545 1730 787 1769; x_wconf 89' lang='lat' dir='ltr'>multitudini</span> <span class='ocrx_word' id='word_1_202' title='bbox 809 1731 969 1769; x_wconf 89' lang='lat' dir='ltr'>iucundi</span> <span class='ocrx_word' id='word_1_203' title='bbox 992 1745 1071 1769; x_wconf 91' lang='lat' dir='ltr'>non</span> <span class='ocrx_word' id='word_1_204' title='bbox 1094 1739 1227 1779; x_wconf 79' lang='lat' dir='ltr'>erant3</span> <span class='ocrx_word' id='word_1_205' title='bbox 1257 1731 1445 1781; x_wconf 87' lang='lat' dir='ltr'>suffragiis</span> <span class='ocrx_word' id='word_1_206' title='bbox 1461 1732 1634 1771; x_wconf 86' lang='lat' dir='ltr'>offende-</span> 
     </span>
     <span class='ocr_line' id='line_1_26' title="bbox 302 1797 1693 1847; baseline -0.001 -13"><span class='ocrx_word' id='word_1_207' title='bbox 302 1797 415 1834; x_wconf 85' lang='lat' dir='ltr'>batur</span> <span class='ocrx_word' id='word_1_208' title='bbox 445 1809 561 1845; x_wconf 84' lang='lat' dir='ltr'>saepe</span> <span class='ocrx_word' id='word_1_209' title='bbox 590 1809 725 1834; x_wconf 91' lang='lat' dir='ltr'>eorum</span> <span class='ocrx_word' id='word_1_210' title='bbox 757 1797 960 1843; x_wconf 75' lang='lat' dir='ltr'>voluntas3</span> <span class='ocrx_word' id='word_1_211' title='bbox 1001 1798 1180 1846; x_wconf 85' lang='lat' dir='ltr'>plausum</span> <span class='ocrx_word' id='word_1_212' title='bbox 1211 1810 1302 1835; x_wconf 84' lang='lat' dir='ltr'>vero</span> <span class='ocrx_word' id='word_1_213' title='bbox 1334 1797 1451 1835; x_wconf 87' lang='lat' dir='ltr'>etiam</span> <span class='ocrx_word' id='word_1_214' title='bbox 1484 1797 1515 1835; x_wconf 90' lang='lat' dir='ltr'>si</span> <span class='ocrx_word' id='word_1_215' title='bbox 1545 1798 1632 1847; x_wconf 84' lang='lat' dir='ltr'>quis</span> <span class='ocrx_word' id='word_1_216' title='bbox 1652 1810 1693 1843; x_wconf 81' lang='lat'>25</span> 
     </span>
     <span class='ocr_line' id='line_1_27' title="bbox 302 1861 1629 1911; baseline 0.001 -12"><span class='ocrx_word' id='word_1_217' title='bbox 302 1874 437 1899; x_wconf 85' lang='lat' dir='ltr'>eorum</span> <span class='ocrx_word' id='word_1_218' title='bbox 458 1861 673 1911; x_wconf 84' lang='lat' dir='ltr'>aliquando</span> <span class='ocrx_word' id='word_1_219' title='bbox 689 1870 904 1911; x_wconf 89' lang='lat' dir='ltr'>acceperat,</span> <span class='ocrx_word' id='word_1_220' title='bbox 924 1875 973 1899; x_wconf 90' lang='lat' dir='ltr'>ne</span> <span class='ocrx_word' id='word_1_221' title='bbox 989 1861 1083 1910; x_wconf 83' lang='lat' dir='ltr'>quid</span> <span class='ocrx_word' id='word_1_222' title='bbox 1102 1870 1300 1911; x_wconf 83' lang='lat' dir='ltr'>peccasset</span> <span class='ocrx_word' id='word_1_223' title='bbox 1319 1862 1629 1911; x_wconf 88' lang='lat' dir='ltr'>pertimescebat.</span> 
     </span>
     <span class='ocr_line' id='line_1_28' title="bbox 302 1926 1632 1977; baseline 0.002 -13"><span class='ocrx_word' id='word_1_224' title='bbox 302 1929 361 1964; x_wconf 87' lang='lat' dir='ltr'>Ac</span> <span class='ocrx_word' id='word_1_225' title='bbox 378 1934 520 1971; x_wconf 87' lang='lat' dir='ltr'>tamen,</span> <span class='ocrx_word' id='word_1_226' title='bbox 545 1926 574 1964; x_wconf 85' lang='lat' dir='ltr'>si</span> <span class='ocrx_word' id='word_1_227' title='bbox 596 1940 696 1976; x_wconf 82' lang='lat' dir='ltr'>quae</span> <span class='ocrx_word' id='word_1_228' title='bbox 724 1940 783 1965; x_wconf 89' lang='lat' dir='ltr'>res</span> <span class='ocrx_word' id='word_1_229' title='bbox 811 1934 890 1964; x_wconf 90' lang='lat' dir='ltr'>erat</span> <span class='ocrx_word' id='word_1_230' title='bbox 916 1928 1048 1973; x_wconf 86' lang='lat' dir='ltr'>maior,</span> <span class='ocrx_word' id='word_1_231' title='bbox 1073 1926 1177 1965; x_wconf 88' lang='lat' dir='ltr'>idem</span> <span class='ocrx_word' id='word_1_232' title='bbox 1209 1927 1272 1965; x_wconf 91' lang='lat' dir='ltr'>ille</span> <span class='ocrx_word' id='word_1_233' title='bbox 1296 1928 1465 1977; x_wconf 90' lang='lat' dir='ltr'>populus</span> <span class='ocrx_word' id='word_1_234' title='bbox 1492 1928 1632 1966; x_wconf 87' lang='lat' dir='ltr'>horum</span> 
     </span>
     <span class='ocr_line' id='line_1_29' title="bbox 301 1991 1074 2030; baseline 0 -1"><span class='ocrx_word' id='word_1_235' title='bbox 301 1991 530 2029; x_wconf 87' lang='lat' dir='ltr'>auctoritate</span> <span class='ocrx_word' id='word_1_236' title='bbox 552 1993 720 2029; x_wconf 83' lang='lat' dir='ltr'>maxime</span> <span class='ocrx_word' id='word_1_237' title='bbox 741 1991 1074 2030; x_wconf 86' lang='lat' dir='ltr'>commovebatur.</span> 
     </span>
    </p>
   </div>
   <div class='ocr_carea' id='block_1_3' title="bbox 228 2038 1632 2108">
    <p class='ocr_par' dir='ltr' id='par_1_3' title="bbox 228 2038 1632 2108">
     <span class='ocr_line' id='line_1_30' title="bbox 228 2038 1632 2108; baseline 0.001 -14"><span class='ocrx_word' id='word_1_238' title='bbox 228 2038 280 2075; x_wconf 80' lang='lat'>5⁰</span> <span class='ocrx_word' id='word_1_239' title='bbox 357 2058 486 2103; x_wconf 88' lang='lat' dir='ltr'>Nunc,</span> <span class='ocrx_word' id='word_1_240' title='bbox 509 2056 581 2093; x_wconf 85' lang='lat' dir='ltr'>nisi</span> <span class='ocrx_word' id='word_1_241' title='bbox 613 2070 675 2095; x_wconf 90' lang='lat' dir='ltr'>me</span> <span class='ocrx_word' id='word_1_242' title='bbox 704 2058 810 2103; x_wconf 87' lang='lat' dir='ltr'>fallit,</span> <span class='ocrx_word' id='word_1_243' title='bbox 835 2056 873 2094; x_wconf 94' lang='lat' dir='ltr'>in</span> <span class='ocrx_word' id='word_1_244' title='bbox 904 2069 951 2095; x_wconf 91' lang='lat' dir='ltr'>eo</span> <span class='ocrx_word' id='word_1_245' title='bbox 979 2065 1080 2094; x_wconf 84' lang='lat' dir='ltr'>statu</span> <span class='ocrx_word' id='word_1_246' title='bbox 1111 2057 1245 2095; x_wconf 86' lang='lat' dir='ltr'>civitas</span> <span class='ocrx_word' id='word_1_247' title='bbox 1273 2065 1331 2095; x_wconf 87' lang='lat' dir='ltr'>est</span> <span class='ocrx_word' id='word_1_248' title='bbox 1359 2065 1411 2104; x_wconf 91' lang='lat' dir='ltr'>ut,</span> <span class='ocrx_word' id='word_1_249' title='bbox 1438 2057 1469 2095; x_wconf 88' lang='lat' dir='ltr'>si</span> <span class='ocrx_word' id='word_1_250' title='bbox 1495 2071 1632 2108; x_wconf 86' lang='lat' dir='ltr'>operas</span> 
     </span>
    </p>
   </div>
   <div class='ocr_carea' id='block_1_4' title="bbox 222 2089 280 2119">
    <p class='ocr_par' dir='ltr' id='par_1_4' title="bbox 222 2089 280 2119">
     <span class='ocr_line' id='line_1_31' title="bbox 222 2089 280 2119; baseline -0.017 0"><span class='ocrx_word' id='word_1_251' title='bbox 222 2089 280 2119; x_wconf 78' lang='lat'>106</span> 
     </span>
    </p>
   </div>
   <div class='ocr_carea' id='block_1_5' title="bbox 300 2159 1632 2415">
    <p class='ocr_par' dir='ltr' id='par_1_5' title="bbox 300 2159 1632 2415">
     <span class='ocr_line' id='line_1_32' title="bbox 348 2159 1631 2199; baseline 0.002 -10"><span class='ocrx_word' id='word_1_252' title='bbox 348 2171 359 2189; x_wconf 94' lang='lat'>1</span> <span class='ocrx_word' id='word_1_253' title='bbox 390 2160 589 2190; x_wconf 88' lang='lat' dir='ltr'>condicione</span> <span class='ocrx_word' id='word_1_254' title='bbox 607 2159 741 2190; x_wconf 74' lang='lat' dir='ltr'>Richter</span> <span class='ocrx_word' id='word_1_255' title='bbox 860 2170 879 2190; x_wconf 86' lang='lat'><strong>2</strong></span> <span class='ocrx_word' id='word_1_256' title='bbox 905 2160 968 2190; x_wconf 88' lang='lat' dir='ltr'>iam</span> <span class='ocrx_word' id='word_1_257' title='bbox 987 2161 1123 2190; x_wconf 76' lang='lat' dir='ltr'>Ascens.</span> <span class='ocrx_word' id='word_1_258' title='bbox 1146 2170 1224 2199; x_wconf 83' lang='lat'><strong>1531</strong></span> <span class='ocrx_word' id='word_1_259' title='bbox 1246 2171 1251 2189; x_wconf 92' lang='lat'>:</span> <span class='ocrx_word' id='word_1_260' title='bbox 1277 2165 1342 2190; x_wconf 81' lang='lat' dir='ltr'>tam</span> <span class='ocrx_word' id='word_1_261' title='bbox 1361 2160 1394 2190; x_wconf 85' lang='lat' dir='ltr'><em>P</em></span> <span class='ocrx_word' id='word_1_262' title='bbox 1409 2161 1493 2191; x_wconf 76' lang='lat' dir='ltr'>rell.:</span> <span class='ocrx_word' id='word_1_263' title='bbox 1519 2166 1631 2191; x_wconf 82' lang='lat' dir='ltr'>autem</span> 
     </span>
     <span class='ocr_line' id='line_1_33' title="bbox 300 2203 1632 2242; baseline 0.002 -10"><span class='ocrx_word' id='word_1_264' title='bbox 300 2203 419 2233; x_wconf 82' lang='lat' dir='ltr'>Lamb.</span> <span class='ocrx_word' id='word_1_265' title='bbox 501 2214 517 2242; x_wconf 94' lang='lat'><strong>7</strong></span> <span class='ocrx_word' id='word_1_266' title='bbox 536 2203 768 2242; x_wconf 79' lang='lat' dir='ltr'>plebesPrell.</span> <span class='ocrx_word' id='word_1_267' title='bbox 790 2215 795 2233; x_wconf 92' lang='lat'>:</span> <span class='ocrx_word' id='word_1_268' title='bbox 813 2204 907 2242; x_wconf 78' lang='lat' dir='ltr'>plebs</span> <span class='ocrx_word' id='word_1_269' title='bbox 921 2203 949 2234; x_wconf 85' lang='lat' dir='ltr'><em>G</em></span> <span class='ocrx_word' id='word_1_270' title='bbox 1031 2204 1050 2232; x_wconf 89' lang='lat'><em>8</em></span> <span class='ocrx_word' id='word_1_271' title='bbox 1067 2204 1281 2242; x_wconf 77' lang='lat' dir='ltr'>amplexatur</span> <span class='ocrx_word' id='word_1_272' title='bbox 1292 2203 1406 2234; x_wconf 82' lang='lat' dir='ltr'>Madv.</span> <span class='ocrx_word' id='word_1_273' title='bbox 1421 2216 1427 2234; x_wconf 89' lang='lat'>:</span> <span class='ocrx_word' id='word_1_274' title='bbox 1447 2204 1632 2234; x_wconf 84' lang='lat' dir='ltr'>malexatur</span> 
     </span>
     <span class='ocr_line' id='line_1_34' title="bbox 300 2245 1628 2287; baseline 0.002 -12"><span class='ocrx_word' id='word_1_275' title='bbox 300 2245 342 2275; x_wconf 73' lang='lat' dir='ltr'>Pl</span> <span class='ocrx_word' id='word_1_276' title='bbox 359 2257 365 2275; x_wconf 76' lang='grc' dir='ltr'>ε</span> <span class='ocrx_word' id='word_1_277' title='bbox 383 2246 469 2277; x_wconf 87' lang='lat' dir='ltr'>male</span> <span class='ocrx_word' id='word_1_278' title='bbox 487 2251 630 2277; x_wconf 86' lang='lat' dir='ltr'>vexatur</span> <span class='ocrx_word' id='word_1_279' title='bbox 647 2246 691 2277; x_wconf 74' lang='lat'>1³2</span> <span class='ocrx_word' id='word_1_280' title='bbox 708 2246 771 2276; x_wconf 80' lang='lat' dir='ltr'>rell.</span> <span class='ocrx_word' id='word_1_281' title='bbox 791 2247 893 2284; x_wconf 66' lang='lat' dir='ltr'>(male</span> <span class='ocrx_word' id='word_1_282' title='bbox 911 2246 1043 2276; x_wconf 80' lang='lat' dir='ltr'>laxatur</span> <span class='ocrx_word' id='word_1_283' title='bbox 1063 2246 1106 2287; x_wconf 81' lang='lat' dir='ltr'>G)</span> <span class='ocrx_word' id='word_1_284' title='bbox 1202 2257 1237 2276; x_wconf 92' lang='lat'>11</span> <span class='ocrx_word' id='word_1_285' title='bbox 1265 2247 1381 2277; x_wconf 88' lang='lat' dir='ltr'>dicunt</span> <span class='ocrx_word' id='word_1_286' title='bbox 1397 2246 1505 2277; x_wconf 80' lang='lat' dir='ltr'>Halm</span> <span class='ocrx_word' id='word_1_287' title='bbox 1520 2247 1628 2280; x_wconf 83' lang='lat' dir='ltr'>(Balb.</span> 
     </span>
     <span class='ocr_line' id='line_1_35' title="bbox 301 2289 1628 2330; baseline 0.002 -11"><span class='ocrx_word' id='word_1_288' title='bbox 301 2291 316 2324; x_wconf 65' lang='grc' dir='ltr'>ξ</span> <span class='ocrx_word' id='word_1_289' title='bbox 335 2290 391 2327; x_wconf 68' lang='grc'>44)</span> <span class='ocrx_word' id='word_1_290' title='bbox 573 2300 613 2328; x_wconf 85' lang='lat'>23</span> <span class='ocrx_word' id='word_1_291' title='bbox 637 2290 696 2320; x_wconf 87' lang='lat' dir='ltr'>sed</span> <span class='ocrx_word' id='word_1_292' title='bbox 714 2294 749 2319; x_wconf 89' lang='lat' dir='ltr'>ut</span> <span class='ocrx_word' id='word_1_293' title='bbox 769 2289 903 2320; x_wconf 78' lang='lat' dir='ltr'>Oelzler:</span> <span class='ocrx_word' id='word_1_294' title='bbox 929 2295 961 2320; x_wconf 92' lang='lat' dir='ltr'>et</span> <span class='ocrx_word' id='word_1_295' title='bbox 979 2290 1069 2320; x_wconf 83' lang='lat' dir='ltr'>Bake</span> <span class='ocrx_word' id='word_1_296' title='bbox 1084 2301 1091 2320; x_wconf 89' lang='lat'>:</span> <span class='ocrx_word' id='word_1_297' title='bbox 1117 2291 1176 2320; x_wconf 88' lang='lat' dir='ltr'>sed</span> <span class='ocrx_word' id='word_1_298' title='bbox 1194 2294 1268 2320; x_wconf 80' lang='lat' dir='ltr'>ante</span> <span class='ocrx_word' id='word_1_299' title='bbox 1284 2290 1489 2320; x_wconf 87' lang='lat' dir='ltr'>multitudini</span> <span class='ocrx_word' id='word_1_300' title='bbox 1507 2294 1628 2330; x_wconf 78' lang='lat' dir='ltr'>transp.</span> 
     </span>
     <span class='ocr_line' id='line_1_36' title="bbox 300 2332 1630 2374; baseline 0.001 -12"><span class='ocrx_word' id='word_1_301' title='bbox 300 2332 438 2372; x_wconf 68' lang='grc' dir='ltr'>Κοιτὴζν</span> <span class='ocrx_word' id='word_1_302' title='bbox 580 2344 618 2372; x_wconf 80' lang='lat'>27</span> <span class='ocrx_word' id='word_1_303' title='bbox 655 2333 704 2363; x_wconf 88' lang='lat' dir='ltr'>Ac</span> <span class='ocrx_word' id='word_1_304' title='bbox 729 2338 841 2362; x_wconf 88' lang='lat' dir='ltr'>tamen</span> <span class='ocrx_word' id='word_1_305' title='bbox 862 2333 895 2362; x_wconf 83' lang='lat' dir='ltr'><em>P</em></span> <span class='ocrx_word' id='word_1_306' title='bbox 917 2334 995 2374; x_wconf 77' lang='lat' dir='ltr'>(hac</span> <span class='ocrx_word' id='word_1_307' title='bbox 1019 2338 1131 2364; x_wconf 76' lang='lat' dir='ltr'>tamen</span> <span class='ocrx_word' id='word_1_308' title='bbox 1157 2333 1252 2373; x_wconf 85' lang='grc' dir='ltr'>ΒΣ);</span> <span class='ocrx_word' id='word_1_309' title='bbox 1282 2338 1427 2364; x_wconf 84' lang='lat' dir='ltr'>attamen</span> <span class='ocrx_word' id='word_1_310' title='bbox 1451 2333 1479 2363; x_wconf 85' lang='lat' dir='ltr'>G</span> <span class='ocrx_word' id='word_1_311' title='bbox 1504 2335 1534 2374; x_wconf 64' lang='grc' dir='ltr'>(ξ</span> <span class='ocrx_word' id='word_1_312' title='bbox 1556 2337 1630 2373; x_wconf 78' lang='grc'>115)</span> 
     </span>
     <span class='ocr_line' id='line_1_37' title="bbox 302 2376 799 2415; baseline 0.006 -11"><span class='ocrx_word' id='word_1_313' title='bbox 302 2376 329 2405; x_wconf 82' lang='lat' dir='ltr'>si</span> <span class='ocrx_word' id='word_1_314' title='bbox 349 2387 432 2414; x_wconf 83' lang='lat' dir='ltr'>quae</span> <span class='ocrx_word' id='word_1_315' title='bbox 450 2376 493 2407; x_wconf 84' lang='grc' dir='ltr'>Ρ1</span> <span class='ocrx_word' id='word_1_316' title='bbox 512 2388 518 2407; x_wconf 88' lang='lat'>:</span> <span class='ocrx_word' id='word_1_317' title='bbox 547 2378 573 2406; x_wconf 82' lang='lat' dir='ltr'>si</span> <span class='ocrx_word' id='word_1_318' title='bbox 592 2387 657 2415; x_wconf 85' lang='lat' dir='ltr'>qua</span> <span class='ocrx_word' id='word_1_319' title='bbox 674 2376 718 2405; x_wconf 81' lang='lat' dir='ltr'>P2</span> <span class='ocrx_word' id='word_1_320' title='bbox 735 2376 799 2407; x_wconf 79' lang='lat' dir='ltr'>rell.</span> 
     </span>
    </p>
   </div>
  </div>
 </body>
</html>
