1774 2782
261 130 315 167 44
335 133 375 164 95
706 117 763 153 M.
794 117 961 152 TVLLI
995 116 1301 154 CICERONIS

333 226 532 264 tribunatu
564 240 759 264 carcerem
791 233 917 263 totum
949 225 987 263 in
1019 227 1144 263 forum
1176 225 1324 276 effudit,
1352 226 1485 264 volitat
1516 227 1663 274 aedilis,

333 299 491 330 accusat
519 305 609 328 eum
631 291 698 340 qui
728 291 858 339 aliqua
887 305 932 328 ex
961 298 1068 340 parte
1094 291 1177 329 eius
1205 292 1376 328 furorem
1405 293 1664 330 exsultantem

334 357 537 406 repressit:
569 356 633 393 hic
663 355 729 405 qui
762 369 802 393 se
832 363 890 393 est
921 363 1067 393 tutatus
1097 356 1151 393 sic
1182 363 1223 393 ut
1253 356 1291 393 in
1324 356 1471 406 privata
1500 370 1539 394 re
1570 359 1664 395 deos

334 422 486 471 penatis
521 435 624 467 suoS‚
656 420 696 458 in
726 434 766 458 re
795 420 954 470 publica
983 421 1065 458 iura
1094 421 1314 459 tribunatus
1345 429 1463 470 atque
1493 422 1665 471 auspicia

334 489 574 533 defenderet,
598 500 782 524 accusare
813 499 903 523 eum
934 487 1136 524 moderate
1165 500 1188 523 a
1211 500 1292 536 quo
1320 486 1401 535 ipse
1433 487 1577 524 nefarie
1606 502 1664 525 ac—
1685 503 1702 534 5

270 562 313 604 96
335 560 492 590 cusatur
520 566 588 601 per
616 559 773 589 senatus
801 550 1073 589 auctoritatem
1103 565 1183 588 non
1211 559 1270 589 est
1301 551 1406 589 situs.
1468 551 1664 590 Nimirum

259 1087 311 1124 45

269 1482 308 1516 97

334 619 409 656 hoc.
444 618 540 655 illud
572 625 628 655 est
664 618 772 666 quod
803 618 853 655 de
884 630 946 655 me
978 617 1226 666 potissimum
1263 624 1304 654 tu
1341 617 1379 654 in
1414 617 1664 655 accusatione

333 683 530 733 quaesisti,
559 697 660 732 quae
689 690 791 721 esset
821 690 954 720 nostra
982 682 1112 720 ‘natio
1139 682 1437 732 optimatium'3
1477 682 1532 720 sic
1559 683 1663 721 enim

332 748 472 786 dixisti.
517 751 618 786 Rem
636 747 789 797 quaeris
806 749 1042 797 praeclaram
1061 747 1253 786 iuventuti
1270 749 1320 786 ad
1338 747 1572 786 discendum
1591 762 1664 786 nec

335 813 427 851 milii
458 813 657 851 difficilem
688 815 738 851 ad
774 814 1097 863 perdocendum;
1145 814 1195 851 de
1225 827 1304 863 qua
1332 827 1468 863 pauca,
1501 813 1662 861 iudices,
1688 830 1724 851 10

333 879 473 925 dicam,
498 886 546 925 et,
577 886 618 916 ut
648 878 822 924 arbitror,
847 892 919 916 nec
949 879 999 917 ab
1027 878 1194 916 utilitate
1224 892 1361 917 eorum
1391 878 1459 929 qui
1488 879 1662 927 audient,

333 959 405 982 nec
435 945 484 982 ab
513 944 642 982 officio
664 952 802 990 vestro,
826 958 898 981 nec.
925 944 975 981 ab
998 943 1079 993 ipsa
1107 958 1224 982 causa
1252 946 1293 982 P.
1318 944 1416 982 Sesti
1438 944 1664 983 abhorrebit

332 1010 456 1048 oratio
482 1024 578 1048 mea.

390 1077 480 1113 Duo
510 1089 652 1124 genera
687 1088 840 1125 semper
875 1074 912 1111 in
950 1075 1022 1111 hac
1055 1074 1210 1112 civitate
1244 1076 1399 1113 fuerunt
1431 1088 1566 1113 eorum
1597 1076 1663 1126 qui

331 1141 471 1179 versari
491 1140 528 1178 in
546 1141 760 1190 republica
776 1148 894 1190 atque
917 1139 955 1177 in
977 1154 1021 1178 ea
1043 1153 1083 1177 se
1105 1140 1358 1179 excellentius
1379 1154 1510 1190 gerere
1531 1143 1664 1179 studu-
1687 1156 1723 1187 15

331 1214 468 1253 erunt3
503 1205 646 1255 quibus
678 1219 723 1243 ex
753 1205 961 1255 generibus
988 1205 1097 1242 alteri
1125 1219 1166 1243 se
1194 1205 1403 1255 popularis,
1426 1205 1535 1244 alteri
1567 1205 1664 1255 opti-

333 1279 455 1309 mates
483 1279 521 1309 et
549 1270 682 1309 haberi
715 1278 752 1308 ct
780 1284 864 1308 esse
885 1271 1102 1308 voluerunt.
1164 1270 1243 1319 Qui
1268 1284 1314 1308 ea
1339 1284 1440 1320 quae
1467 1270 1662 1308 faciebant

331 1350 512 1386 quaeque
533 1336 719 1374 dicebant
747 1335 989 1373 multitudini
1017 1335 1189 1373 iucunda
1211 1336 1396 1373 volebant
1423 1349 1522 1382 esse,
1543 1349 1664 1385 popu-

333 1404 441 1448 lares,
462 1401 526 1451 qui
546 1408 678 1439 autem
696 1400 749 1438 ita
767 1414 808 1439 se
822 1399 1011 1450 gerebant
1027 1408 1069 1438 ut
1086 1414 1155 1438 sua
1172 1400 1335 1438 consilia
1351 1400 1503 1450 optimo
1519 1400 1662 1450 cuique

333 1467 553 1516 probarent,
581 1465 789 1516 optimates
820 1465 1077 1503 habebantur.
1136 1465 1236 1514 Quis
1266 1480 1358 1516 ergo
1387 1465 1459 1504 iste
1488 1465 1661 1516 optimus
1683 1481 1724 1502 20

332 1532 527 1581 quisque?
586 1533 777 1578 Numero,
802 1532 832 1568 si
861 1530 1025 1580 quaeris,
1055 1530 1372 1578 innumerabiles,
1395 1544 1525 1581 neque
1555 1533 1660 1570 enim

330 1598 440 1635 aliter
457 1606 557 1635 stare
575 1611 779 1647 possemus
798 1612 803 1640 ;
835 1603 925 1634 sunt
942 1596 1138 1646 principes
1155 1596 1292 1634 consili
1310 1596 1469 1646 publici,
1489 1604 1579 1635 sunt
1595 1597 1661 1647 qui

329 1677 464 1701 eorum
482 1671 629 1701 sectam
644 1670 871 1712 sequuntur,
889 1670 978 1700 sunt
994 1661 1252 1700 maximorum
1267 1662 1449 1700 ordinum
1467 1662 1658 1709 homines,

329 1729 472 1777 quibus
494 1735 599 1778 patet
616 1727 732 1774 curia,
755 1735 844 1765 sunt
864 1726 1121 1776 municipales
1138 1727 1350 1777 rusticique
1368 1727 1551 1774 Romani,
1570 1736 1661 1766 sunt

328 1793 459 1843 negoti
489 1801 677 1843 gerentes,
702 1801 792 1831 sunt
824 1793 940 1831 etiam
971 1792 1139 1830 libertini
1168 1793 1387 1843 optimates.
1448 1795 1657 1841 Numerus,
1681 1808 1721 1840 ²5

327 1867 368 1897 nt
393 1859 482 1905 dixi,
506 1858 621 1896 huius
651 1858 802 1908 generis
834 1861 909 1897 late
941 1866 978 1897 et
1000 1859 1103 1897 varie
1133 1859 1296 1897 diffusus
1327 1867 1409 1906 est3
1437 1859 1507 1897 sed
1536 1872 1659 1909 genus

327 1924 562 1971 universum,
596 1932 637 1961 ut
670 1925 825 1961 tollatur
861 1939 972 1971 error,
1006 1924 1113 1962 brevi
1143 1924 1407 1962 circumscribi
1438 1932 1476 1963 et
1506 1924 1657 1963 definiri

326 1998 464 2039 potest.
511 1991 661 2029 Omnes
684 1991 893 2040 optimates
916 1998 1005 2029 sunt
1027 1990 1093 2040 qui
1116 2004 1244 2040 neque
1265 1998 1453 2028 nocentes
1474 1998 1565 2028 sunt
1585 2004 1658 2029 nec

327 2063 462 2093 natura
492 2055 660 2105 improbi
692 2071 764 2094 nec
796 2056 928 2094 furiosi
962 2069 1034 2093 nec
1066 2055 1177 2093 malis
1207 2055 1434 2093 domesticis
1465 2054 1653 2105 impediti.

327 2122 424 2158 Esto
452 2121 565 2170 igitur
592 2129 633 2158 ut
656 2121 680 2158 ii
703 2122 789 2168 sint,
815 2135 932 2171 quam
955 2128 995 2158 tu
1021 2120 1264 2158 ‘nationem’
1285 2119 1498 2170 appellasti,
1523 2120 1588 2169 qui
1617 2128 1655 2159 et
1675 2134 1717 2164 30

368 2236 408 2264 23
436 2225 579 2255 maxime
598 2235 713 2255 eorum
734 2225 884 2255 Weidner
1014 2235 1053 2263 25
1080 2224 1211 2263 negotia
1232 2223 1259 2254 G
1391 2224 1432 2252 28
1457 2233 1518 2253 nec
1538 2228 1655 2253 natura

325 2269 465 2308 improbi
484 2268 546 2300 del.
564 2269 656 2299 Paul
782 2279 823 2308 29
848 2273 904 2298 aut
924 2267 1039 2298 furiosi
1058 2267 1198 2306 ΚοεεΙιζν
1297 2276 1340 2304 30
1364 2270 1438 2296 esto
1456 2265 1547 2295 HGk
1564 2270 1591 2295 et
1608 2265 1653 2296 ed.

329 2311 362 2342 V.
381 2325 386 2343 :
413 2317 463 2342 est
480 2312 513 2341 P
529 2313 591 2342 rell.
610 2324 616 2342 ;
641 2312 793 2350 sequitur
810 2311 923 2342 Madv.
1046 2311 1067 2340 ii
1084 2310 1156 2341 Pk:
1181 2310 1213 2339 hi
1232 2309 1333 2341 ΒΣΗ
1456 2309 1579 2349 appell.
1595 2310 1653 2349 qui

324 2361 356 2385 et
378 2354 507 2386 Manat.
525 2368 531 2386 ;
556 2355 679 2395 appell.
699 2360 731 2385 et
748 2355 803 2394 qui
822 2355 910 2385 codd.
927 2367 932 2385 :
960 2360 992 2385 et
1016 2354 1073 2384 del.
1101 2353 1213 2384 Aladv.
