<?xml version="1.0" encoding="UTF-8"?>
<!DOCTYPE html PUBLIC "-//W3C//DTD XHTML 1.0 Transitional//EN"
    "http://www.w3.org/TR/xhtml1/DTD/xhtml1-transitional.dtd">
<html xmlns="http://www.w3.org/1999/xhtml" xml:lang="en" lang="en">
 <head>
  <title>
</title>
<meta http-equiv="Content-Type" content="text/html;charset=utf-8" />
  <meta name='ocr-system' content='tesseract 3.04.00' />
  <meta name='ocr-capabilities' content='ocr_page ocr_carea ocr_par ocr_line ocrx_word'/>
</head>
<body>
  <div class='ocr_page' id='page_1' title='image "./orationesrecogno05ciceuoft/orationesrecogno05ciceuoft_0262.png"; bbox 0 0 1774 2782; ppageno 0'>
   <div class='ocr_carea' id='block_1_1' title="bbox 184 121 1168 176">
    <p class='ocr_par' dir='ltr' id='par_1_1' title="bbox 184 121 1168 176">
     <span class='ocr_line' id='line_1_1' title="bbox 184 121 1168 176; baseline -0.003 -13"><span class='ocrx_word' id='word_1_1' title='bbox 184 139 208 175; x_wconf 86' lang='lat'><strong>3</strong></span> <span class='ocrx_word' id='word_1_2' title='bbox 230 142 246 176; x_wconf 79' lang='lat'><strong>7</strong></span> <span class='ocrx_word' id='word_1_3' title='bbox 574 127 629 163; x_wconf 87' lang='lat' dir='ltr'>M.</span> <span class='ocrx_word' id='word_1_4' title='bbox 661 125 829 161; x_wconf 82' lang='lat' dir='ltr'>TVLLI</span> <span class='ocrx_word' id='word_1_5' title='bbox 862 121 1168 162; x_wconf 75' lang='lat' dir='ltr'>CICERONIS</span> 
     </span>
    </p>
   </div>
   <div class='ocr_carea' id='block_1_2' title="bbox 228 230 1556 347">
    <p class='ocr_par' dir='ltr' id='par_1_2' title="bbox 228 230 1556 347">
     <span class='ocr_line' id='line_1_2' title="bbox 229 230 1556 284; baseline -0.003 -10"><span class='ocrx_word' id='word_1_6' title='bbox 229 235 424 281; x_wconf 87' lang='lat' dir='ltr'>meritum,</span> <span class='ocrx_word' id='word_1_7' title='bbox 447 237 476 274; x_wconf 89' lang='lat' dir='ltr'>si</span> <span class='ocrx_word' id='word_1_8' title='bbox 508 235 681 284; x_wconf 88' lang='lat' dir='ltr'>denique</span> <span class='ocrx_word' id='word_1_9' title='bbox 711 233 861 282; x_wconf 87' lang='lat' dir='ltr'>aliquid</span> <span class='ocrx_word' id='word_1_10' title='bbox 892 246 972 270; x_wconf 91' lang='lat' dir='ltr'>non</span> <span class='ocrx_word' id='word_1_11' title='bbox 1003 239 1141 270; x_wconf 83' lang='lat' dir='ltr'>contra</span> <span class='ocrx_word' id='word_1_12' title='bbox 1168 245 1217 269; x_wconf 83' lang='lat' dir='ltr'>ac</span> <span class='ocrx_word' id='word_1_13' title='bbox 1245 230 1379 269; x_wconf 88' lang='lat' dir='ltr'>liceret</span> <span class='ocrx_word' id='word_1_14' title='bbox 1409 232 1556 270; x_wconf 87' lang='lat' dir='ltr'>sactum</span> 
     </span>
     <span class='ocr_line' id='line_1_3' title="bbox 228 296 1556 347; baseline -0.004 -8"><span class='ocrx_word' id='word_1_15' title='bbox 228 301 432 346; x_wconf 85' lang='lat' dir='ltr'>diceretur,</span> <span class='ocrx_word' id='word_1_16' title='bbox 465 301 534 338; x_wconf 90' lang='lat' dir='ltr'>sed</span> <span class='ocrx_word' id='word_1_17' title='bbox 564 306 700 337; x_wconf 85' lang='lat' dir='ltr'>contra</span> <span class='ocrx_word' id='word_1_18' title='bbox 733 306 853 347; x_wconf 86' lang='lat' dir='ltr'>atque</span> <span class='ocrx_word' id='word_1_19' title='bbox 887 304 1096 347; x_wconf 79' lang='lat' dir='ltr'>oporteret,</span> <span class='ocrx_word' id='word_1_20' title='bbox 1129 304 1262 335; x_wconf 86' lang='lat' dir='ltr'>tamen</span> <span class='ocrx_word' id='word_1_21' title='bbox 1297 304 1399 334; x_wconf 86' lang='lat' dir='ltr'>esset</span> <span class='ocrx_word' id='word_1_22' title='bbox 1430 296 1556 334; x_wconf 83' lang='lat' dir='ltr'>omnis</span> 
     </span>
    </p>
   </div>
   <div class='ocr_carea' id='block_1_3' title="bbox 190 361 1557 415">
    <p class='ocr_par' dir='ltr' id='par_1_3' title="bbox 190 361 1557 415">
     <span class='ocr_line' id='line_1_4' title="bbox 190 361 1557 415; baseline -0.004 -11"><span class='ocrx_word' id='word_1_23' title='bbox 190 376 207 404; x_wconf 84' lang='lat' dir='ltr'>S</span> <span class='ocrx_word' id='word_1_24' title='bbox 229 366 310 405; x_wconf 88' lang='lat' dir='ltr'>eius</span> <span class='ocrx_word' id='word_1_25' title='bbox 332 366 440 404; x_wconf 91' lang='lat' dir='ltr'>modi</span> <span class='ocrx_word' id='word_1_26' title='bbox 466 363 717 415; x_wconf 81' lang='lat' dir='ltr'>reprehensio</span> <span class='ocrx_word' id='word_1_27' title='bbox 744 376 766 401; x_wconf 86' lang='lat' dir='ltr'>a</span> <span class='ocrx_word' id='word_1_28' title='bbox 792 362 918 409; x_wconf 74' lang='lat' dir='ltr'>vobis,</span> <span class='ocrx_word' id='word_1_29' title='bbox 938 362 1098 409; x_wconf 89' lang='lat' dir='ltr'>iudices,</span> <span class='ocrx_word' id='word_1_30' title='bbox 1123 361 1379 410; x_wconf 83' lang='lat' dir='ltr'>repudianda.</span> <span class='ocrx_word' id='word_1_31' title='bbox 1442 363 1557 399; x_wconf 92' lang='lat' dir='ltr'>Nunc</span> 
     </span>
    </p>
   </div>
   <div class='ocr_carea' id='block_1_4' title="bbox 227 427 1559 740">
    <p class='ocr_par' dir='ltr' id='par_1_4' title="bbox 227 427 1559 740">
     <span class='ocr_line' id='line_1_5' title="bbox 228 427 1557 479; baseline -0.005 -10"><span class='ocrx_word' id='word_1_32' title='bbox 228 444 320 469; x_wconf 85' lang='lat' dir='ltr'>vero</span> <span class='ocrx_word' id='word_1_33' title='bbox 341 430 435 479; x_wconf 91' lang='lat' dir='ltr'>quid</span> <span class='ocrx_word' id='word_1_34' title='bbox 457 429 629 468; x_wconf 89' lang='lat' dir='ltr'>dicitur?</span> <span class='ocrx_word' id='word_1_35' title='bbox 670 429 779 477; x_wconf 83' lang='lat' dir='ltr'>Quid</span> <span class='ocrx_word' id='word_1_36' title='bbox 799 427 852 466; x_wconf 87' lang='lat' dir='ltr'>ait</span> <span class='ocrx_word' id='word_1_37' title='bbox 872 429 1106 466; x_wconf 83' lang='lat' dir='ltr'>accusator?</span> <span class='ocrx_word' id='word_1_38' title='bbox 1147 427 1305 464; x_wconf 80' lang='lat' dir='ltr'>Fecisse</span> <span class='ocrx_word' id='word_1_39' title='bbox 1322 428 1557 475; x_wconf 87' lang='lat' dir='ltr'>Pompeium</span> 
     </span>
     <span class='ocr_line' id='line_1_6' title="bbox 228 491 1558 545; baseline -0.005 -11"><span class='ocrx_word' id='word_1_40' title='bbox 228 497 337 545; x_wconf 90' lang='lat' dir='ltr'>quod</span> <span class='ocrx_word' id='word_1_41' title='bbox 361 496 394 534; x_wconf 92' lang='lat' dir='ltr'>ei</span> <span class='ocrx_word' id='word_1_42' title='bbox 424 497 550 534; x_wconf 85' lang='lat' dir='ltr'>facere</span> <span class='ocrx_word' id='word_1_43' title='bbox 578 509 658 533; x_wconf 90' lang='lat' dir='ltr'>non</span> <span class='ocrx_word' id='word_1_44' title='bbox 687 494 864 541; x_wconf 82' lang='lat' dir='ltr'>licuerit3</span> <span class='ocrx_word' id='word_1_45' title='bbox 899 495 1008 543; x_wconf 88' lang='lat' dir='ltr'>quod</span> <span class='ocrx_word' id='word_1_46' title='bbox 1035 492 1189 543; x_wconf 86' lang='lat' dir='ltr'>gravius</span> <span class='ocrx_word' id='word_1_47' title='bbox 1219 499 1277 530; x_wconf 89' lang='lat' dir='ltr'>est</span> <span class='ocrx_word' id='word_1_48' title='bbox 1308 505 1427 541; x_wconf 79' lang='lat' dir='ltr'>quam</span> <span class='ocrx_word' id='word_1_49' title='bbox 1458 491 1489 529; x_wconf 87' lang='lat' dir='ltr'>si</span> <span class='ocrx_word' id='word_1_50' title='bbox 1519 491 1558 529; x_wconf 89' lang='lat' dir='ltr'>id</span> 
     </span>
     <span class='ocr_line' id='line_1_7' title="bbox 228 557 1558 609; baseline -0.004 -10"><span class='ocrx_word' id='word_1_51' title='bbox 228 562 374 599; x_wconf 83' lang='lat' dir='ltr'>factum</span> <span class='ocrx_word' id='word_1_52' title='bbox 408 562 459 599; x_wconf 83' lang='lat' dir='ltr'>ab</span> <span class='ocrx_word' id='word_1_53' title='bbox 495 574 541 599; x_wconf 91' lang='lat' dir='ltr'>eo</span> <span class='ocrx_word' id='word_1_54' title='bbox 577 560 723 599; x_wconf 86' lang='lat' dir='ltr'>diceret</span> <span class='ocrx_word' id='word_1_55' title='bbox 759 560 868 609; x_wconf 91' lang='lat' dir='ltr'>quod</span> <span class='ocrx_word' id='word_1_56' title='bbox 908 573 989 596; x_wconf 89' lang='lat' dir='ltr'>non</span> <span class='ocrx_word' id='word_1_57' title='bbox 1025 557 1272 608; x_wconf 86' lang='lat' dir='ltr'>oportuisset.</span> <span class='ocrx_word' id='word_1_58' title='bbox 1346 559 1414 595; x_wconf 87' lang='lat' dir='ltr'>Est</span> <span class='ocrx_word' id='word_1_59' title='bbox 1454 557 1558 595; x_wconf 87' lang='lat' dir='ltr'>enim</span> 
     </span>
     <span class='ocr_line' id='line_1_8' title="bbox 227 621 1559 676; baseline -0.004 -12"><span class='ocrx_word' id='word_1_60' title='bbox 227 626 376 676; x_wconf 88' lang='lat' dir='ltr'>aliquid</span> <span class='ocrx_word' id='word_1_61' title='bbox 394 627 502 676; x_wconf 89' lang='lat' dir='ltr'>quod</span> <span class='ocrx_word' id='word_1_62' title='bbox 520 639 600 664; x_wconf 91' lang='lat' dir='ltr'>non</span> <span class='ocrx_word' id='word_1_63' title='bbox 623 633 812 675; x_wconf 82' lang='lat' dir='ltr'>oporteat,</span> <span class='ocrx_word' id='word_1_64' title='bbox 833 623 951 662; x_wconf 82' lang='lat' dir='ltr'>etiam</span> <span class='ocrx_word' id='word_1_65' title='bbox 969 625 999 662; x_wconf 92' lang='lat' dir='ltr'>si</span> <span class='ocrx_word' id='word_1_66' title='bbox 1017 625 1107 662; x_wconf 88' lang='lat' dir='ltr'>licet</span> <span class='ocrx_word' id='word_1_67' title='bbox 1123 636 1134 671; x_wconf 85' lang='lat'>;</span> <span class='ocrx_word' id='word_1_68' title='bbox 1161 621 1354 672; x_wconf 90' lang='lat' dir='ltr'>quicquid</span> <span class='ocrx_word' id='word_1_69' title='bbox 1371 635 1463 660; x_wconf 90' lang='lat' dir='ltr'>vero</span> <span class='ocrx_word' id='word_1_70' title='bbox 1479 635 1559 659; x_wconf 89' lang='lat' dir='ltr'>non</span> 
     </span>
     <span class='ocr_line' id='line_1_9' title="bbox 228 692 746 740; baseline 0 -12"><span class='ocrx_word' id='word_1_71' title='bbox 228 692 332 739; x_wconf 87' lang='lat' dir='ltr'>licet,</span> <span class='ocrx_word' id='word_1_72' title='bbox 352 700 455 730; x_wconf 88' lang='lat' dir='ltr'>certe</span> <span class='ocrx_word' id='word_1_73' title='bbox 478 705 557 729; x_wconf 90' lang='lat' dir='ltr'>non</span> <span class='ocrx_word' id='word_1_74' title='bbox 580 698 746 740; x_wconf 86' lang='lat' dir='ltr'>oportet.</span> 
     </span>
    </p>
   </div>
   <div class='ocr_carea' id='block_1_5' title="bbox 183 752 1559 806">
    <p class='ocr_par' dir='ltr' id='par_1_5' title="bbox 183 752 1559 806">
     <span class='ocr_line' id='line_1_10' title="bbox 183 752 1559 806; baseline -0.002 -13"><span class='ocrx_word' id='word_1_75' title='bbox 183 764 208 801; x_wconf 93' lang='lat'><strong>4</strong></span> <span class='ocrx_word' id='word_1_76' title='bbox 284 756 364 793; x_wconf 91' lang='lat' dir='ltr'>Hic</span> <span class='ocrx_word' id='word_1_77' title='bbox 395 769 468 806; x_wconf 85' lang='lat' dir='ltr'>ego</span> <span class='ocrx_word' id='word_1_78' title='bbox 500 769 605 794; x_wconf 89' lang='lat' dir='ltr'>nunc</span> <span class='ocrx_word' id='word_1_79' title='bbox 638 763 799 793; x_wconf 84' lang='lat' dir='ltr'>cuncter</span> <span class='ocrx_word' id='word_1_80' title='bbox 833 754 888 792; x_wconf 91' lang='lat' dir='ltr'>sic</span> <span class='ocrx_word' id='word_1_81' title='bbox 920 767 1045 804; x_wconf 83' lang='lat' dir='ltr'>agere,</span> <span class='ocrx_word' id='word_1_82' title='bbox 1078 752 1240 798; x_wconf 85' lang='lat' dir='ltr'>iudices,</span> <span class='ocrx_word' id='word_1_83' title='bbox 1273 766 1355 790; x_wconf 90' lang='lat' dir='ltr'>non</span> <span class='ocrx_word' id='word_1_84' title='bbox 1387 766 1472 791; x_wconf 82' lang='lat' dir='ltr'>esse</span> <span class='ocrx_word' id='word_1_85' title='bbox 1502 754 1559 790; x_wconf 87' lang='lat' dir='ltr'>fas</span> 
     </span>
    </p>
   </div>
   <div class='ocr_carea' id='block_1_6' title="bbox 229 818 1559 871">
    <p class='ocr_par' dir='ltr' id='par_1_6' title="bbox 229 818 1559 871">
     <span class='ocr_line' id='line_1_11' title="bbox 229 818 1559 871; baseline -0.003 -12"><span class='ocrx_word' id='word_1_86' title='bbox 229 821 396 859; x_wconf 85' lang='lat' dir='ltr'>dubitari</span> <span class='ocrx_word' id='word_1_87' title='bbox 427 822 532 871; x_wconf 87' lang='lat' dir='ltr'>quin,</span> <span class='ocrx_word' id='word_1_88' title='bbox 557 822 665 871; x_wconf 91' lang='lat' dir='ltr'>quod</span> <span class='ocrx_word' id='word_1_89' title='bbox 695 822 767 860; x_wconf 88' lang='lat' dir='ltr'>Cn.</span> <span class='ocrx_word' id='word_1_90' title='bbox 792 820 1029 870; x_wconf 89' lang='lat' dir='ltr'>Pompeium</span> <span class='ocrx_word' id='word_1_91' title='bbox 1055 818 1195 857; x_wconf 87' lang='lat' dir='ltr'>fecisse</span> <span class='ocrx_word' id='word_1_92' title='bbox 1221 826 1387 865; x_wconf 88' lang='lat' dir='ltr'>constet,</span> <span class='ocrx_word' id='word_1_93' title='bbox 1412 819 1451 856; x_wconf 88' lang='lat' dir='ltr'>id</span> <span class='ocrx_word' id='word_1_94' title='bbox 1480 832 1559 856; x_wconf 92' lang='lat' dir='ltr'>non</span> 
     </span>
    </p>
   </div>
   <div class='ocr_carea' id='block_1_7' title="bbox 188 882 1557 938">
    <p class='ocr_par' dir='ltr' id='par_1_7' title="bbox 188 882 1557 938">
     <span class='ocr_line' id='line_1_12' title="bbox 188 882 1557 938; baseline -0.004 -13"><span class='ocrx_word' id='word_1_95' title='bbox 188 907 207 938; x_wconf 85' lang='lat'>9</span> <span class='ocrx_word' id='word_1_96' title='bbox 228 888 356 925; x_wconf 90' lang='lat' dir='ltr'>solum</span> <span class='ocrx_word' id='word_1_97' title='bbox 389 886 544 924; x_wconf 88' lang='lat' dir='ltr'>licuisse</span> <span class='ocrx_word' id='word_1_98' title='bbox 575 887 644 924; x_wconf 92' lang='lat' dir='ltr'>sed</span> <span class='ocrx_word' id='word_1_99' title='bbox 676 886 793 923; x_wconf 87' lang='lat' dir='ltr'>etiam</span> <span class='ocrx_word' id='word_1_100' title='bbox 824 884 1005 923; x_wconf 87' lang='lat' dir='ltr'>decuisse</span> <span class='ocrx_word' id='word_1_101' title='bbox 1035 885 1256 922; x_wconf 84' lang='lat' dir='ltr'>fateamur?</span> <span class='ocrx_word' id='word_1_102' title='bbox 1313 882 1422 931; x_wconf 83' lang='lat' dir='ltr'>Quid</span> <span class='ocrx_word' id='word_1_103' title='bbox 1453 882 1557 921; x_wconf 89' lang='lat' dir='ltr'>enim</span> 
     </span>
    </p>
   </div>
   <div class='ocr_carea' id='block_1_8' title="bbox 170 1945 207 1968">
    <p class='ocr_par' dir='ltr' id='par_1_8' title="bbox 170 1945 207 1968">
     <span class='ocr_line' id='line_1_13' title="bbox 170 1945 207 1968; baseline 0 0"><span class='ocrx_word' id='word_1_104' title='bbox 170 1945 207 1968; x_wconf 81' lang='lat'>10</span> 
     </span>
    </p>
   </div>
   <div class='ocr_carea' id='block_1_9' title="bbox 227 947 1558 2041">
    <p class='ocr_par' dir='ltr' id='par_1_9' title="bbox 227 947 1558 2041">
     <span class='ocr_line' id='line_1_14' title="bbox 227 947 1558 1000; baseline -0.005 -9"><span class='ocrx_word' id='word_1_105' title='bbox 227 952 338 991; x_wconf 84' lang='lat' dir='ltr'>abest</span> <span class='ocrx_word' id='word_1_106' title='bbox 369 951 460 989; x_wconf 89' lang='lat' dir='ltr'>huic</span> <span class='ocrx_word' id='word_1_107' title='bbox 490 950 641 989; x_wconf 90' lang='lat' dir='ltr'>homini</span> <span class='ocrx_word' id='word_1_108' title='bbox 672 951 791 1000; x_wconf 92' lang='lat' dir='ltr'>quod,</span> <span class='ocrx_word' id='word_1_109' title='bbox 818 951 848 988; x_wconf 87' lang='lat' dir='ltr'>si</span> <span class='ocrx_word' id='word_1_110' title='bbox 878 950 1045 996; x_wconf 75' lang='lat' dir='ltr'>adesset,</span> <span class='ocrx_word' id='word_1_111' title='bbox 1070 948 1152 987; x_wconf 89' lang='lat' dir='ltr'>iure</span> <span class='ocrx_word' id='word_1_112' title='bbox 1182 949 1279 986; x_wconf 80' lang='lat' dir='ltr'>haec</span> <span class='ocrx_word' id='word_1_113' title='bbox 1309 949 1344 987; x_wconf 92' lang='lat' dir='ltr'>ei</span> <span class='ocrx_word' id='word_1_114' title='bbox 1374 947 1490 985; x_wconf 82' lang='lat' dir='ltr'>tribui</span> <span class='ocrx_word' id='word_1_115' title='bbox 1521 954 1558 985; x_wconf 89' lang='lat' dir='ltr'>et</span> 
     </span>
     <span class='ocr_line' id='line_1_15' title="bbox 228 1013 1558 1067; baseline -0.005 -11"><span class='ocrx_word' id='word_1_116' title='bbox 228 1017 393 1056; x_wconf 87' lang='lat' dir='ltr'>concedi</span> <span class='ocrx_word' id='word_1_117' title='bbox 416 1025 642 1067; x_wconf 89' lang='lat' dir='ltr'>putaremus</span> <span class='ocrx_word' id='word_1_118' title='bbox 656 1018 673 1053; x_wconf 72' lang='grc' dir='ltr'><em>Ρ</em></span> <span class='ocrx_word' id='word_1_119' title='bbox 730 1018 887 1053; x_wconf 83' lang='lat' dir='ltr'>Vsusne</span> <span class='ocrx_word' id='word_1_120' title='bbox 916 1017 1075 1053; x_wconf 81' lang='lat' dir='ltr'>rerum?</span> <span class='ocrx_word' id='word_1_121' title='bbox 1104 1015 1172 1064; x_wconf 92' lang='lat' dir='ltr'>qui</span> <span class='ocrx_word' id='word_1_122' title='bbox 1193 1013 1383 1064; x_wconf 82' lang='lat' dir='ltr'>pueritiae</span> <span class='ocrx_word' id='word_1_123' title='bbox 1403 1020 1558 1063; x_wconf 90' lang='lat' dir='ltr'>tempus</span> 
     </span>
     <span class='ocr_line' id='line_1_16' title="bbox 227 1079 1557 1132; baseline -0.004 -12"><span class='ocrx_word' id='word_1_124' title='bbox 227 1091 442 1121; x_wconf 83' lang='lat' dir='ltr'>extremum</span> <span class='ocrx_word' id='word_1_125' title='bbox 479 1083 713 1132; x_wconf 87' lang='lat' dir='ltr'>principium</span> <span class='ocrx_word' id='word_1_126' title='bbox 750 1080 886 1119; x_wconf 82' lang='lat' dir='ltr'>habuit</span> <span class='ocrx_word' id='word_1_127' title='bbox 923 1081 1118 1118; x_wconf 87' lang='lat' dir='ltr'>bellorum</span> <span class='ocrx_word' id='word_1_128' title='bbox 1152 1087 1273 1128; x_wconf 87' lang='lat' dir='ltr'>atque</span> <span class='ocrx_word' id='word_1_129' title='bbox 1306 1079 1557 1128; x_wconf 87' lang='lat' dir='ltr'>imperiorum</span> 
     </span>
     <span class='ocr_line' id='line_1_17' title="bbox 227 1144 1558 1196; baseline -0.003 -11"><span class='ocrx_word' id='word_1_130' title='bbox 227 1148 498 1194; x_wconf 79' lang='lat' dir='ltr'>maximorum,</span> <span class='ocrx_word' id='word_1_131' title='bbox 532 1147 643 1185; x_wconf 89' lang='lat' dir='ltr'>cuius</span> <span class='ocrx_word' id='word_1_132' title='bbox 678 1146 854 1196; x_wconf 85' lang='lat' dir='ltr'>plerique</span> <span class='ocrx_word' id='word_1_133' title='bbox 893 1147 1078 1195; x_wconf 83' lang='lat' dir='ltr'>aequales</span> <span class='ocrx_word' id='word_1_134' title='bbox 1115 1144 1244 1182; x_wconf 89' lang='lat' dir='ltr'>minus</span> <span class='ocrx_word' id='word_1_135' title='bbox 1279 1157 1397 1193; x_wconf 86' lang='lat' dir='ltr'>saepe</span> <span class='ocrx_word' id='word_1_136' title='bbox 1434 1151 1558 1181; x_wconf 84' lang='lat' dir='ltr'>castra</span> 
     </span>
     <span class='ocr_line' id='line_1_18' title="bbox 227 1208 1557 1261; baseline -0.004 -11"><span class='ocrx_word' id='word_1_137' title='bbox 227 1212 407 1250; x_wconf 83' lang='lat' dir='ltr'>viderunt</span> <span class='ocrx_word' id='word_1_138' title='bbox 442 1225 562 1261; x_wconf 82' lang='lat' dir='ltr'>quam</span> <span class='ocrx_word' id='word_1_139' title='bbox 597 1212 661 1249; x_wconf 86' lang='lat' dir='ltr'>hic</span> <span class='ocrx_word' id='word_1_140' title='bbox 696 1212 961 1260; x_wconf 81' lang='lat' dir='ltr'>triumphavit,</span> <span class='ocrx_word' id='word_1_141' title='bbox 995 1209 1063 1259; x_wconf 92' lang='lat' dir='ltr'>qui</span> <span class='ocrx_word' id='word_1_142' title='bbox 1097 1216 1156 1247; x_wconf 90' lang='lat' dir='ltr'>tot</span> <span class='ocrx_word' id='word_1_143' title='bbox 1188 1209 1307 1246; x_wconf 87' lang='lat' dir='ltr'>habet</span> <span class='ocrx_word' id='word_1_144' title='bbox 1338 1208 1557 1258; x_wconf 86' lang='lat' dir='ltr'>triumphos</span> 
     </span>
     <span class='ocr_line' id='line_1_19' title="bbox 227 1272 1558 1327; baseline -0.003 -12"><span class='ocrx_word' id='word_1_145' title='bbox 227 1285 325 1327; x_wconf 88' lang='lat' dir='ltr'>quot</span> <span class='ocrx_word' id='word_1_146' title='bbox 346 1290 436 1315; x_wconf 86' lang='lat' dir='ltr'>orae</span> <span class='ocrx_word' id='word_1_147' title='bbox 453 1284 543 1314; x_wconf 86' lang='lat' dir='ltr'>sunt</span> <span class='ocrx_word' id='word_1_148' title='bbox 560 1284 768 1326; x_wconf 85' lang='lat' dir='ltr'>partesque</span> <span class='ocrx_word' id='word_1_149' title='bbox 785 1283 984 1321; x_wconf 80' lang='lat' dir='ltr'>terrarum,</span> <span class='ocrx_word' id='word_1_150' title='bbox 1002 1281 1061 1313; x_wconf 89' lang='lat' dir='ltr'>tot</span> <span class='ocrx_word' id='word_1_151' title='bbox 1081 1273 1264 1312; x_wconf 81' lang='lat' dir='ltr'>victorias</span> <span class='ocrx_word' id='word_1_152' title='bbox 1279 1272 1440 1311; x_wconf 81' lang='lat' dir='ltr'>bellicas</span> <span class='ocrx_word' id='word_1_153' title='bbox 1460 1279 1558 1322; x_wconf 89' lang='lat' dir='ltr'>quot</span> 
     </span>
     <span class='ocr_line' id='line_1_20' title="bbox 229 1339 1551 1393; baseline -0.005 -11"><span class='ocrx_word' id='word_1_154' title='bbox 229 1351 319 1382; x_wconf 85' lang='lat' dir='ltr'>sunt</span> <span class='ocrx_word' id='word_1_155' title='bbox 341 1343 379 1381; x_wconf 94' lang='lat' dir='ltr'>in</span> <span class='ocrx_word' id='word_1_156' title='bbox 401 1357 528 1382; x_wconf 91' lang='lat' dir='ltr'>rerum</span> <span class='ocrx_word' id='word_1_157' title='bbox 550 1352 687 1381; x_wconf 85' lang='lat' dir='ltr'>natura</span> <span class='ocrx_word' id='word_1_158' title='bbox 708 1355 849 1393; x_wconf 86' lang='lat' dir='ltr'>genera</span> <span class='ocrx_word' id='word_1_159' title='bbox 867 1343 1072 1379; x_wconf 86' lang='lat' dir='ltr'>bellorum.</span> <span class='ocrx_word' id='word_1_160' title='bbox 1118 1343 1183 1378; x_wconf 91' lang='lat' dir='ltr'>An</span> <span class='ocrx_word' id='word_1_161' title='bbox 1205 1339 1437 1389; x_wconf 86' lang='lat' dir='ltr'>ingenium?</span> <span class='ocrx_word' id='word_1_162' title='bbox 1457 1340 1551 1389; x_wconf 90' lang='lat' dir='ltr'>quin</span> 
     </span>
     <span class='ocr_line' id='line_1_21' title="bbox 228 1403 1556 1459; baseline -0.005 -12"><span class='ocrx_word' id='word_1_163' title='bbox 228 1409 346 1447; x_wconf 85' lang='lat' dir='ltr'>etiam</span> <span class='ocrx_word' id='word_1_164' title='bbox 368 1409 439 1459; x_wconf 88' lang='lat' dir='ltr'>ipsi</span> <span class='ocrx_word' id='word_1_165' title='bbox 468 1423 581 1447; x_wconf 86' lang='lat' dir='ltr'>casus</span> <span class='ocrx_word' id='word_1_166' title='bbox 609 1417 853 1458; x_wconf 85' lang='lat' dir='ltr'>eventusque</span> <span class='ocrx_word' id='word_1_167' title='bbox 881 1420 1009 1446; x_wconf 88' lang='lat' dir='ltr'>rerum</span> <span class='ocrx_word' id='word_1_168' title='bbox 1034 1420 1115 1444; x_wconf 93' lang='lat' dir='ltr'>non</span> <span class='ocrx_word' id='word_1_169' title='bbox 1143 1406 1277 1453; x_wconf 83' lang='lat' dir='ltr'>duces,</span> <span class='ocrx_word' id='word_1_170' title='bbox 1301 1405 1372 1443; x_wconf 86' lang='lat' dir='ltr'>sed</span> <span class='ocrx_word' id='word_1_171' title='bbox 1392 1403 1556 1442; x_wconf 87' lang='lat' dir='ltr'>comites</span> 
     </span>
     <span class='ocr_line' id='line_1_22' title="bbox 228 1470 1557 1522; baseline -0.004 -10"><span class='ocrx_word' id='word_1_172' title='bbox 228 1474 311 1513; x_wconf 86' lang='lat' dir='ltr'>eius</span> <span class='ocrx_word' id='word_1_173' title='bbox 338 1474 592 1513; x_wconf 88' lang='lat' dir='ltr'>consiliorum</span> <span class='ocrx_word' id='word_1_174' title='bbox 624 1475 803 1512; x_wconf 89' lang='lat' dir='ltr'>fuerunt:</span> <span class='ocrx_word' id='word_1_175' title='bbox 843 1472 882 1510; x_wconf 89' lang='lat' dir='ltr'>in</span> <span class='ocrx_word' id='word_1_176' title='bbox 912 1485 993 1522; x_wconf 92' lang='lat' dir='ltr'>quo</span> <span class='ocrx_word' id='word_1_177' title='bbox 1023 1484 1104 1509; x_wconf 90' lang='lat' dir='ltr'>uno</span> <span class='ocrx_word' id='word_1_178' title='bbox 1134 1472 1187 1508; x_wconf 86' lang='lat' dir='ltr'>ita</span> <span class='ocrx_word' id='word_1_179' title='bbox 1217 1483 1372 1508; x_wconf 84' lang='lat' dir='ltr'>summa</span> <span class='ocrx_word' id='word_1_180' title='bbox 1402 1470 1557 1508; x_wconf 83' lang='lat' dir='ltr'>fortuna</span> 
     </span>
     <span class='ocr_line' id='line_1_23' title="bbox 228 1536 1556 1585; baseline -0.004 -7"><span class='ocrx_word' id='word_1_181' title='bbox 228 1552 319 1577; x_wconf 88' lang='lat' dir='ltr'>cum</span> <span class='ocrx_word' id='word_1_182' title='bbox 341 1553 495 1578; x_wconf 79' lang='lat' dir='ltr'>summa</span> <span class='ocrx_word' id='word_1_183' title='bbox 515 1539 655 1578; x_wconf 89' lang='lat' dir='ltr'>virtute</span> <span class='ocrx_word' id='word_1_184' title='bbox 676 1537 836 1577; x_wconf 86' lang='lat' dir='ltr'>certavit</span> <span class='ocrx_word' id='word_1_185' title='bbox 858 1546 899 1576; x_wconf 88' lang='lat' dir='ltr'>ut</span> <span class='ocrx_word' id='word_1_186' title='bbox 920 1536 1099 1575; x_wconf 89' lang='lat' dir='ltr'>omnium</span> <span class='ocrx_word' id='word_1_187' title='bbox 1122 1537 1269 1574; x_wconf 90' lang='lat' dir='ltr'>iudicio</span> <span class='ocrx_word' id='word_1_188' title='bbox 1294 1538 1380 1585; x_wconf 89' lang='lat' dir='ltr'>plus</span> <span class='ocrx_word' id='word_1_189' title='bbox 1406 1536 1556 1574; x_wconf 85' lang='lat' dir='ltr'>homini</span> 
     </span>
     <span class='ocr_line' id='line_1_24' title="bbox 228 1601 1557 1654; baseline -0.004 -11"><span class='ocrx_word' id='word_1_190' title='bbox 228 1618 347 1654; x_wconf 89' lang='lat' dir='ltr'>quam</span> <span class='ocrx_word' id='word_1_191' title='bbox 369 1606 467 1644; x_wconf 86' lang='lat' dir='ltr'>deae</span> <span class='ocrx_word' id='word_1_192' title='bbox 487 1604 730 1643; x_wconf 87' lang='lat' dir='ltr'>tribueretur.</span> <span class='ocrx_word' id='word_1_193' title='bbox 790 1606 853 1642; x_wconf 89' lang='lat' dir='ltr'>An</span> <span class='ocrx_word' id='word_1_194' title='bbox 878 1604 1016 1653; x_wconf 88' lang='lat' dir='ltr'>pudor,</span> <span class='ocrx_word' id='word_1_195' title='bbox 1039 1616 1089 1640; x_wconf 83' lang='lat' dir='ltr'>an</span> <span class='ocrx_word' id='word_1_196' title='bbox 1119 1601 1329 1651; x_wconf 80' lang='lat' dir='ltr'>integritas,</span> <span class='ocrx_word' id='word_1_197' title='bbox 1351 1615 1402 1639; x_wconf 91' lang='lat' dir='ltr'>an</span> <span class='ocrx_word' id='word_1_198' title='bbox 1423 1601 1557 1650; x_wconf 90' lang='lat' dir='ltr'>religio</span> 
     </span>
     <span class='ocr_line' id='line_1_25' title="bbox 229 1668 1557 1720; baseline -0.001 -13"><span class='ocrx_word' id='word_1_199' title='bbox 229 1669 267 1708; x_wconf 93' lang='lat' dir='ltr'>in</span> <span class='ocrx_word' id='word_1_200' title='bbox 289 1684 347 1718; x_wconf 87' lang='lat' dir='ltr'>eo,</span> <span class='ocrx_word' id='word_1_201' title='bbox 367 1683 416 1708; x_wconf 89' lang='lat' dir='ltr'>an</span> <span class='ocrx_word' id='word_1_202' title='bbox 433 1670 633 1720; x_wconf 80' lang='lat' dir='ltr'>diligentia</span> <span class='ocrx_word' id='word_1_203' title='bbox 649 1683 838 1719; x_wconf 83' lang='lat' dir='ltr'>umquam</span> <span class='ocrx_word' id='word_1_204' title='bbox 856 1668 1040 1719; x_wconf 85' lang='lat' dir='ltr'>requisita</span> <span class='ocrx_word' id='word_1_205' title='bbox 1057 1669 1145 1706; x_wconf 87' lang='lat' dir='ltr'>est?</span> <span class='ocrx_word' id='word_1_206' title='bbox 1186 1668 1317 1715; x_wconf 85' lang='lat' dir='ltr'>Quem</span> <span class='ocrx_word' id='word_1_207' title='bbox 1334 1668 1557 1717; x_wconf 87' lang='lat' dir='ltr'>provinciae</span> 
     </span>
     <span class='ocr_line' id='line_1_26' title="bbox 228 1731 1557 1785; baseline -0.003 -11"><span class='ocrx_word' id='word_1_208' title='bbox 228 1744 395 1783; x_wconf 82' lang='lat' dir='ltr'>nostrae,</span> <span class='ocrx_word' id='word_1_209' title='bbox 433 1748 551 1785; x_wconf 89' lang='lat' dir='ltr'>quem</span> <span class='ocrx_word' id='word_1_210' title='bbox 590 1734 700 1773; x_wconf 89' lang='lat' dir='ltr'>liberi</span> <span class='ocrx_word' id='word_1_211' title='bbox 739 1734 888 1784; x_wconf 86' lang='lat' dir='ltr'>populi,</span> <span class='ocrx_word' id='word_1_212' title='bbox 923 1747 1042 1783; x_wconf 91' lang='lat' dir='ltr'>quem</span> <span class='ocrx_word' id='word_1_213' title='bbox 1082 1745 1202 1781; x_wconf 81' lang='lat' dir='ltr'>regeS‚</span> <span class='ocrx_word' id='word_1_214' title='bbox 1239 1745 1357 1780; x_wconf 90' lang='lat' dir='ltr'>quem</span> <span class='ocrx_word' id='word_1_215' title='bbox 1397 1731 1557 1770; x_wconf 83' lang='lat' dir='ltr'>ultimae</span> 
     </span>
     <span class='ocr_line' id='line_1_27' title="bbox 227 1797 1557 1851; baseline -0.003 -11"><span class='ocrx_word' id='word_1_216' title='bbox 227 1809 365 1851; x_wconf 84' lang='lat' dir='ltr'>gentes</span> <span class='ocrx_word' id='word_1_217' title='bbox 386 1800 603 1846; x_wconf 86' lang='lat' dir='ltr'>castiorem,</span> <span class='ocrx_word' id='word_1_218' title='bbox 628 1799 940 1846; x_wconf 89' lang='lat' dir='ltr'>moderatiorem,</span> <span class='ocrx_word' id='word_1_219' title='bbox 961 1797 1197 1836; x_wconf 80' lang='lat' dir='ltr'>sanctiorem</span> <span class='ocrx_word' id='word_1_220' title='bbox 1215 1810 1296 1835; x_wconf 92' lang='lat' dir='ltr'>non</span> <span class='ocrx_word' id='word_1_221' title='bbox 1317 1797 1439 1835; x_wconf 92' lang='lat' dir='ltr'>modo</span> <span class='ocrx_word' id='word_1_222' title='bbox 1455 1797 1557 1836; x_wconf 89' lang='lat' dir='ltr'>vide-</span> 
     </span>
     <span class='ocr_line' id='line_1_28' title="bbox 229 1862 1557 1915; baseline -0.004 -11"><span class='ocrx_word' id='word_1_223' title='bbox 229 1874 330 1913; x_wconf 87' lang='lat' dir='ltr'>runt,</span> <span class='ocrx_word' id='word_1_224' title='bbox 353 1867 422 1904; x_wconf 90' lang='lat' dir='ltr'>sed</span> <span class='ocrx_word' id='word_1_225' title='bbox 441 1873 508 1903; x_wconf 81' lang='lat' dir='ltr'>aut</span> <span class='ocrx_word' id='word_1_226' title='bbox 530 1866 725 1915; x_wconf 81' lang='lat' dir='ltr'>sperando</span> <span class='ocrx_word' id='word_1_227' title='bbox 753 1878 943 1915; x_wconf 87' lang='lat' dir='ltr'>umquam</span> <span class='ocrx_word' id='word_1_228' title='bbox 970 1872 1036 1902; x_wconf 84' lang='lat' dir='ltr'>aut</span> <span class='ocrx_word' id='word_1_229' title='bbox 1061 1862 1239 1913; x_wconf 82' lang='lat' dir='ltr'>optando</span> <span class='ocrx_word' id='word_1_230' title='bbox 1260 1862 1557 1912; x_wconf 80' lang='lat' dir='ltr'>cogitaverunt?</span> 
     </span>
     <span class='ocr_line' id='line_1_29' title="bbox 231 1927 1556 1980; baseline -0.003 -12"><span class='ocrx_word' id='word_1_231' title='bbox 231 1931 338 1980; x_wconf 85' lang='lat' dir='ltr'>Quid</span> <span class='ocrx_word' id='word_1_232' title='bbox 367 1931 497 1969; x_wconf 86' lang='lat' dir='ltr'>dicam</span> <span class='ocrx_word' id='word_1_233' title='bbox 524 1932 574 1969; x_wconf 89' lang='lat' dir='ltr'>de</span> <span class='ocrx_word' id='word_1_234' title='bbox 603 1930 863 1969; x_wconf 86' lang='lat' dir='ltr'>auctoritate?</span> <span class='ocrx_word' id='word_1_235' title='bbox 903 1943 1004 1980; x_wconf 91' lang='lat' dir='ltr'>quae</span> <span class='ocrx_word' id='word_1_236' title='bbox 1034 1936 1142 1967; x_wconf 88' lang='lat' dir='ltr'>tanta</span> <span class='ocrx_word' id='word_1_237' title='bbox 1169 1935 1226 1966; x_wconf 88' lang='lat' dir='ltr'>est</span> <span class='ocrx_word' id='word_1_238' title='bbox 1251 1936 1398 1977; x_wconf 82' lang='lat' dir='ltr'>quanta</span> <span class='ocrx_word' id='word_1_239' title='bbox 1427 1927 1466 1965; x_wconf 92' lang='lat' dir='ltr'>in</span> <span class='ocrx_word' id='word_1_240' title='bbox 1497 1929 1556 1965; x_wconf 86' lang='lat' dir='ltr'>his</span> 
     </span>
     <span class='ocr_line' id='line_1_30' title="bbox 230 1992 1557 2041; baseline -0.005 -6"><span class='ocrx_word' id='word_1_241' title='bbox 230 1995 348 2035; x_wconf 82' lang='lat' dir='ltr'>tantis</span> <span class='ocrx_word' id='word_1_242' title='bbox 364 1995 570 2034; x_wconf 87' lang='lat' dir='ltr'>virtutibus</span> <span class='ocrx_word' id='word_1_243' title='bbox 591 2009 636 2033; x_wconf 90' lang='lat' dir='ltr'>ac</span> <span class='ocrx_word' id='word_1_244' title='bbox 659 1995 841 2034; x_wconf 79' lang='lat' dir='ltr'>laudibus</span> <span class='ocrx_word' id='word_1_245' title='bbox 863 2009 947 2033; x_wconf 84' lang='lat' dir='ltr'>esse</span> <span class='ocrx_word' id='word_1_246' title='bbox 969 1994 1099 2033; x_wconf 91' lang='lat' dir='ltr'>debet.</span> <span class='ocrx_word' id='word_1_247' title='bbox 1160 1992 1237 2032; x_wconf 90' lang='lat' dir='ltr'>Cui</span> <span class='ocrx_word' id='word_1_248' title='bbox 1258 2000 1415 2031; x_wconf 87' lang='lat' dir='ltr'>senatus</span> <span class='ocrx_word' id='word_1_249' title='bbox 1436 2005 1557 2041; x_wconf 84' lang='lat' dir='ltr'>popu—</span> 
     </span>
    </p>
   </div>
   <div class='ocr_carea' id='block_1_10' title="bbox 230 2095 1559 2486">
    <p class='ocr_par' dir='ltr' id='par_1_10' title="bbox 230 2095 1559 2486">
     <span class='ocr_line' id='line_1_31' title="bbox 273 2095 1558 2139; baseline -0.001 -10"><span class='ocrx_word' id='word_1_250' title='bbox 273 2111 293 2139; x_wconf 93' lang='lat'><strong>4</strong></span> <span class='ocrx_word' id='word_1_251' title='bbox 317 2099 386 2137; x_wconf 84' lang='lat' dir='ltr'>agit</span> <span class='ocrx_word' id='word_1_252' title='bbox 405 2098 510 2130; x_wconf 71' lang='lat' dir='ltr'><em>61E‘2‘</em></span> <span class='ocrx_word' id='word_1_253' title='bbox 600 2101 621 2129; x_wconf 92' lang='lat'><strong>6</strong></span> <span class='ocrx_word' id='word_1_254' title='bbox 646 2099 705 2130; x_wconf 86' lang='lat' dir='ltr'>Est</span> <span class='ocrx_word' id='word_1_255' title='bbox 723 2099 811 2129; x_wconf 87' lang='lat' dir='ltr'>enirn</span> <span class='ocrx_word' id='word_1_256' title='bbox 831 2099 886 2129; x_wconf 86' lang='lat' dir='ltr'>Hb</span> <span class='ocrx_word' id='word_1_257' title='bbox 903 2099 958 2129; x_wconf 82' lang='lat' dir='ltr'>all.</span> <span class='ocrx_word' id='word_1_258' title='bbox 977 2110 983 2128; x_wconf 91' lang='lat'>:</span> <span class='ocrx_word' id='word_1_259' title='bbox 1000 2098 1059 2128; x_wconf 89' lang='lat' dir='ltr'>sed</span> <span class='ocrx_word' id='word_1_260' title='bbox 1077 2097 1105 2127; x_wconf 84' lang='lat' dir='ltr'>si</span> <span class='ocrx_word' id='word_1_261' title='bbox 1123 2097 1212 2127; x_wconf 85' lang='lat' dir='ltr'>enim</span> <span class='ocrx_word' id='word_1_262' title='bbox 1224 2095 1321 2127; x_wconf 79' lang='lat' dir='ltr'>P1G:</span> <span class='ocrx_word' id='word_1_263' title='bbox 1346 2095 1373 2126; x_wconf 88' lang='lat' dir='ltr'>si</span> <span class='ocrx_word' id='word_1_264' title='bbox 1390 2096 1480 2126; x_wconf 88' lang='lat' dir='ltr'>enim</span> <span class='ocrx_word' id='word_1_265' title='bbox 1492 2095 1558 2128; x_wconf 66' lang='lat' dir='ltr'>Pss:</span> 
     </span>
     <span class='ocr_line' id='line_1_32' title="bbox 230 2139 1558 2182; baseline -0.004 -8"><span class='ocrx_word' id='word_1_266' title='bbox 230 2155 310 2174; x_wconf 75' lang='lat' dir='ltr'>corr.</span> <span class='ocrx_word' id='word_1_267' title='bbox 328 2143 361 2173; x_wconf 90' lang='grc' dir='ltr'><em>Β</em></span> <span class='ocrx_word' id='word_1_268' title='bbox 376 2143 420 2173; x_wconf 90' lang='lat' dir='ltr'>sit</span> <span class='ocrx_word' id='word_1_269' title='bbox 438 2143 629 2181; x_wconf 76' lang='lat' dir='ltr'>enim‚s0rt.</span> <span class='ocrx_word' id='word_1_270' title='bbox 649 2147 724 2173; x_wconf 78' lang='lat' dir='ltr'>recte</span> <span class='ocrx_word' id='word_1_271' title='bbox 869 2152 952 2182; x_wconf 82' lang='lat'>9-11</span> <span class='ocrx_word' id='word_1_272' title='bbox 980 2142 1027 2171; x_wconf 90' lang='lat' dir='ltr'>sic</span> <span class='ocrx_word' id='word_1_273' title='bbox 1044 2150 1147 2179; x_wconf 85' lang='lat' dir='ltr'>agere</span> <span class='ocrx_word' id='word_1_274' title='bbox 1163 2164 1171 2171; x_wconf 91' lang='lat'>.</span> <span class='ocrx_word' id='word_1_275' title='bbox 1195 2165 1202 2171; x_wconf 92' lang='lat'>.</span> <span class='ocrx_word' id='word_1_276' title='bbox 1221 2165 1228 2171; x_wconf 95' lang='lat'>.</span> <span class='ocrx_word' id='word_1_277' title='bbox 1247 2140 1412 2170; x_wconf 84' lang='lat' dir='ltr'>fateamur</span> <span class='ocrx_word' id='word_1_278' title='bbox 1428 2150 1499 2170; x_wconf 82' lang='lat' dir='ltr'>om.</span> <span class='ocrx_word' id='word_1_279' title='bbox 1516 2139 1558 2178; x_wconf 83' lang='lat' dir='ltr'>P,</span> 
     </span>
     <span class='ocr_line' id='line_1_33' title="bbox 230 2182 1556 2227; baseline -0.002 -10"><span class='ocrx_word' id='word_1_280' title='bbox 230 2187 336 2227; x_wconf 67' lang='lat' dir='ltr'>suppl.</span> <span class='ocrx_word' id='word_1_281' title='bbox 362 2196 486 2217; x_wconf 81' lang='lat' dir='ltr'>manus</span> <span class='ocrx_word' id='word_1_282' title='bbox 506 2186 649 2216; x_wconf 81' lang='lat' dir='ltr'>eiusdem</span> <span class='ocrx_word' id='word_1_283' title='bbox 665 2186 736 2225; x_wconf 78' lang='lat' dir='ltr'>sere</span> <span class='ocrx_word' id='word_1_284' title='bbox 756 2186 879 2224; x_wconf 81' lang='lat' dir='ltr'>aetatis,</span> <span class='ocrx_word' id='word_1_285' title='bbox 899 2196 982 2225; x_wconf 83' lang='lat' dir='ltr'>quae</span> <span class='ocrx_word' id='word_1_286' title='bbox 1001 2190 1051 2224; x_wconf 82' lang='lat' dir='ltr'>pr.</span> <span class='ocrx_word' id='word_1_287' title='bbox 1078 2189 1210 2214; x_wconf 87' lang='lat' dir='ltr'>constat</span> <span class='ocrx_word' id='word_1_288' title='bbox 1233 2183 1369 2223; x_wconf 74' lang='lat' dir='ltr'>scripsit,</span> <span class='ocrx_word' id='word_1_289' title='bbox 1388 2182 1461 2213; x_wconf 84' lang='lat' dir='ltr'>dein</span> <span class='ocrx_word' id='word_1_290' title='bbox 1477 2193 1556 2214; x_wconf 88' lang='lat' dir='ltr'>corr.</span> 
     </span>
     <span class='ocr_line' id='line_1_34' title="bbox 232 2226 1556 2266; baseline -0.003 -6"><span class='ocrx_word' id='word_1_291' title='bbox 232 2235 364 2260; x_wconf 88' lang='lat' dir='ltr'>constet</span> <span class='ocrx_word' id='word_1_292' title='bbox 382 2241 389 2260; x_wconf 75' lang='lat' dir='ltr'><em>z</em></span> <span class='ocrx_word' id='word_1_293' title='bbox 414 2230 566 2260; x_wconf 87' lang='lat' dir='ltr'>constitit</span> <span class='ocrx_word' id='word_1_294' title='bbox 579 2229 635 2259; x_wconf 88' lang='lat' dir='ltr'>Hb</span> <span class='ocrx_word' id='word_1_295' title='bbox 651 2229 697 2261; x_wconf 79' lang='lat' dir='ltr'>ed.</span> <span class='ocrx_word' id='word_1_296' title='bbox 718 2229 762 2262; x_wconf 88' lang='lat' dir='ltr'>R.</span> <span class='ocrx_word' id='word_1_297' title='bbox 779 2240 785 2259; x_wconf 90' lang='lat'>:</span> <span class='ocrx_word' id='word_1_298' title='bbox 810 2229 999 2260; x_wconf 84' lang='lat' dir='ltr'>constiterit</span> <span class='ocrx_word' id='word_1_299' title='bbox 1017 2229 1037 2258; x_wconf 86' lang='lat' dir='ltr'><em>k</em></span> <span class='ocrx_word' id='word_1_300' title='bbox 1189 2237 1224 2257; x_wconf 89' lang='lat'>11</span> <span class='ocrx_word' id='word_1_301' title='bbox 1251 2227 1386 2257; x_wconf 89' lang='lat' dir='ltr'>licuisse</span> <span class='ocrx_word' id='word_1_302' title='bbox 1401 2226 1556 2266; x_wconf 85' lang='lat' dir='ltr'>(Lamb.)</span> 
     </span>
     <span class='ocr_line' id='line_1_35' title="bbox 231 2270 1557 2305; baseline -0.004 0"><span class='ocrx_word' id='word_1_303' title='bbox 231 2297 239 2305; x_wconf 92' lang='lat'>.</span> <span class='ocrx_word' id='word_1_304' title='bbox 260 2297 267 2304; x_wconf 91' lang='lat'>.</span> <span class='ocrx_word' id='word_1_305' title='bbox 287 2298 294 2305; x_wconf 89' lang='lat'>.</span> <span class='ocrx_word' id='word_1_306' title='bbox 309 2274 466 2304; x_wconf 81' lang='lat' dir='ltr'>decuisse</span> <span class='ocrx_word' id='word_1_307' title='bbox 477 2272 575 2303; x_wconf 71' lang='lat' dir='ltr'><em>Klotz</em></span> <span class='ocrx_word' id='word_1_308' title='bbox 591 2284 597 2303; x_wconf 77' lang='grc' dir='ltr'>ε</span> <span class='ocrx_word' id='word_1_309' title='bbox 615 2273 768 2303; x_wconf 87' lang='lat' dir='ltr'>decuisse</span> <span class='ocrx_word' id='word_1_310' title='bbox 787 2296 794 2304; x_wconf 92' lang='lat'>.</span> <span class='ocrx_word' id='word_1_311' title='bbox 816 2298 822 2304; x_wconf 92' lang='lat'>.</span> <span class='ocrx_word' id='word_1_312' title='bbox 840 2297 847 2304; x_wconf 93' lang='lat'>.</span> <span class='ocrx_word' id='word_1_313' title='bbox 867 2270 1155 2303; x_wconf 61' lang='lat' dir='ltr'>debuisseffirell.</span> <span class='ocrx_word' id='word_1_314' title='bbox 1250 2280 1287 2299; x_wconf 89' lang='lat'>12</span> <span class='ocrx_word' id='word_1_315' title='bbox 1310 2270 1340 2300; x_wconf 88' lang='lat' dir='ltr'>ei</span> <span class='ocrx_word' id='word_1_316' title='bbox 1358 2270 1498 2302; x_wconf 82' lang='lat' dir='ltr'>Lamb.:</span> <span class='ocrx_word' id='word_1_317' title='bbox 1523 2274 1557 2300; x_wconf 88' lang='lat' dir='ltr'>et</span> 
     </span>
     <span class='ocr_line' id='line_1_36' title="bbox 233 2312 1554 2356; baseline -0.002 -10"><span class='ocrx_word' id='word_1_318' title='bbox 233 2316 322 2347; x_wconf 81' lang='lat' dir='ltr'>codd.</span> <span class='ocrx_word' id='word_1_319' title='bbox 416 2317 455 2346; x_wconf 90' lang='lat'>18</span> <span class='ocrx_word' id='word_1_320' title='bbox 477 2317 558 2355; x_wconf 84' lang='lat' dir='ltr'>quin</span> <span class='ocrx_word' id='word_1_321' title='bbox 572 2316 678 2348; x_wconf 64' lang='lat' dir='ltr'>Hb‘i&#39;:</span> <span class='ocrx_word' id='word_1_322' title='bbox 698 2316 813 2355; x_wconf 90' lang='lat' dir='ltr'>inquid</span> <span class='ocrx_word' id='word_1_323' title='bbox 829 2318 883 2356; x_wconf 75' lang='lat' dir='ltr'>(ex</span> <span class='ocrx_word' id='word_1_324' title='bbox 898 2315 1032 2356; x_wconf 82' lang='lat' dir='ltr'>inquid)</span> <span class='ocrx_word' id='word_1_325' title='bbox 1043 2326 1070 2347; x_wconf 81' lang='lat' dir='ltr'>s,</span> <span class='ocrx_word' id='word_1_326' title='bbox 1091 2314 1195 2353; x_wconf 89' lang='lat' dir='ltr'>inquit</span> <span class='ocrx_word' id='word_1_327' title='bbox 1209 2313 1242 2343; x_wconf 90' lang='lat' dir='ltr'><em>P</em></span> <span class='ocrx_word' id='word_1_328' title='bbox 1255 2313 1312 2344; x_wconf 87' lang='lat' dir='ltr'>all.</span> <span class='ocrx_word' id='word_1_329' title='bbox 1328 2325 1334 2344; x_wconf 75' lang='grc' dir='ltr'>ε</span> <span class='ocrx_word' id='word_1_330' title='bbox 1354 2313 1407 2343; x_wconf 84' lang='lat' dir='ltr'>cui</span> <span class='ocrx_word' id='word_1_331' title='bbox 1425 2312 1554 2352; x_wconf 66' lang='lat' dir='ltr'><em>Madv„</em></span> 
     </span>
     <span class='ocr_line' id='line_1_37' title="bbox 232 2355 1558 2398; baseline -0.003 -8"><span class='ocrx_word' id='word_1_332' title='bbox 232 2360 290 2390; x_wconf 84' lang='lat' dir='ltr'>del.</span> <span class='ocrx_word' id='word_1_333' title='bbox 305 2361 379 2390; x_wconf 84' lang='lat' dir='ltr'>eius</span> <span class='ocrx_word' id='word_1_334' title='bbox 389 2364 464 2390; x_wconf 80' lang='lat' dir='ltr'>ante</span> <span class='ocrx_word' id='word_1_335' title='bbox 479 2360 693 2390; x_wconf 90' lang='lat' dir='ltr'>consiliorum</span> <span class='ocrx_word' id='word_1_336' title='bbox 785 2371 824 2398; x_wconf 82' lang='lat'>24</span> <span class='ocrx_word' id='word_1_337' title='bbox 843 2361 979 2390; x_wconf 89' lang='lat' dir='ltr'>ultimae</span> <span class='ocrx_word' id='word_1_338' title='bbox 994 2363 1114 2397; x_wconf 87' lang='lat' dir='ltr'>gentes</span> <span class='ocrx_word' id='word_1_339' title='bbox 1125 2358 1190 2389; x_wconf 78' lang='lat' dir='ltr'>cod.</span> <span class='ocrx_word' id='word_1_340' title='bbox 1209 2356 1282 2387; x_wconf 80' lang='lat' dir='ltr'>Car.</span> <span class='ocrx_word' id='word_1_341' title='bbox 1299 2356 1408 2396; x_wconf 76' lang='lat' dir='ltr'>Steplz.</span> <span class='ocrx_word' id='word_1_342' title='bbox 1422 2360 1450 2387; x_wconf 81' lang='lat' dir='ltr'>et</span> <span class='ocrx_word' id='word_1_343' title='bbox 1462 2355 1558 2386; x_wconf 82' lang='lat' dir='ltr'>Grae-</span> 
     </span>
     <span class='ocr_line' id='line_1_38' title="bbox 232 2399 1559 2441; baseline -0.005 -7"><span class='ocrx_word' id='word_1_344' title='bbox 232 2404 327 2434; x_wconf 80' lang='lat' dir='ltr'>vius:</span> <span class='ocrx_word' id='word_1_345' title='bbox 352 2403 439 2434; x_wconf 38' lang='lat' dir='ltr'>ulta&amp;</span> <span class='ocrx_word' id='word_1_346' title='bbox 457 2407 614 2441; x_wconf 79' lang='lat' dir='ltr'>regentes</span> <span class='ocrx_word' id='word_1_347' title='bbox 632 2403 664 2433; x_wconf 88' lang='lat' dir='ltr'><em>P</em></span> <span class='ocrx_word' id='word_1_348' title='bbox 678 2404 819 2441; x_wconf 63' lang='lat' dir='ltr'>(alterae</span> <span class='ocrx_word' id='word_1_349' title='bbox 833 2403 949 2438; x_wconf 55' lang='lat' dir='ltr'>Hfflst)</span> <span class='ocrx_word' id='word_1_350' title='bbox 965 2415 972 2433; x_wconf 71' lang='grc' dir='ltr'><strong><em>ι</em></strong></span> <span class='ocrx_word' id='word_1_351' title='bbox 997 2403 1082 2433; x_wconf 82' lang='lat' dir='ltr'>ultra</span> <span class='ocrx_word' id='word_1_352' title='bbox 1101 2405 1259 2438; x_wconf 76' lang='lat' dir='ltr'>regentes</span> <span class='ocrx_word' id='word_1_353' title='bbox 1280 2399 1396 2430; x_wconf 80' lang='lat' dir='ltr'>BGE:</span> <span class='ocrx_word' id='word_1_354' title='bbox 1421 2405 1559 2431; x_wconf 81' lang='lat' dir='ltr'>exterae</span> 
     </span>
     <span class='ocr_line' id='line_1_39' title="bbox 233 2444 1154 2486; baseline -0.002 -10"><span class='ocrx_word' id='word_1_355' title='bbox 233 2452 356 2484; x_wconf 81' lang='lat' dir='ltr'>gentes</span> <span class='ocrx_word' id='word_1_356' title='bbox 374 2446 393 2476; x_wconf 81' lang='lat' dir='ltr'><strong><em>b</em></strong></span> <span class='ocrx_word' id='word_1_357' title='bbox 410 2447 576 2486; x_wconf 78' lang='lat' dir='ltr'>Angelius</span> <span class='ocrx_word' id='word_1_358' title='bbox 709 2457 747 2485; x_wconf 84' lang='lat'>27</span> <span class='ocrx_word' id='word_1_359' title='bbox 774 2447 825 2477; x_wconf 88' lang='lat' dir='ltr'>his</span> <span class='ocrx_word' id='word_1_360' title='bbox 844 2446 917 2477; x_wconf 85' lang='lat' dir='ltr'>BH</span> <span class='ocrx_word' id='word_1_361' title='bbox 932 2447 985 2477; x_wconf 80' lang='lat' dir='ltr'>all.</span> <span class='ocrx_word' id='word_1_362' title='bbox 1003 2458 1009 2477; x_wconf 89' lang='lat'><strong>:</strong></span> <span class='ocrx_word' id='word_1_363' title='bbox 1035 2447 1074 2475; x_wconf 90' lang='lat' dir='ltr'>iis</span> <span class='ocrx_word' id='word_1_364' title='bbox 1092 2444 1154 2474; x_wconf 83' lang='lat' dir='ltr'>PG</span> 
     </span>
    </p>
   </div>
   <div class='ocr_carea' id='block_1_11' title="bbox 1580 504 1596 535">
    <p class='ocr_par' dir='ltr' id='par_1_11' title="bbox 1580 504 1596 535">
     <span class='ocr_line' id='line_1_40' title="bbox 1580 504 1596 535; baseline 0 0"><span class='ocrx_word' id='word_1_365' title='bbox 1580 504 1596 535; x_wconf 88' lang='grc'><strong><em>5</em></strong></span> 
     </span>
    </p>
   </div>
   <div class='ocr_carea' id='block_1_12' title="bbox 1585 835 1621 856">
    <p class='ocr_par' dir='ltr' id='par_1_12' title="bbox 1585 835 1621 856">
     <span class='ocr_line' id='line_1_41' title="bbox 1585 835 1621 856; baseline 0.028 -1"><span class='ocrx_word' id='word_1_366' title='bbox 1585 835 1621 856; x_wconf 85' lang='lat'>10</span> 
     </span>
    </p>
   </div>
   <div class='ocr_carea' id='block_1_13' title="bbox 1581 1155 1619 1188">
    <p class='ocr_par' dir='ltr' id='par_1_13' title="bbox 1581 1155 1619 1188">
     <span class='ocr_line' id='line_1_42' title="bbox 1581 1155 1619 1188; baseline 0 0"><span class='ocrx_word' id='word_1_367' title='bbox 1581 1155 1619 1188; x_wconf 87' lang='grc' dir='ltr'>Ι5</span> 
     </span>
    </p>
   </div>
   <div class='ocr_carea' id='block_1_14' title="bbox 1580 1484 1619 1506">
    <p class='ocr_par' dir='ltr' id='par_1_14' title="bbox 1580 1484 1619 1506">
     <span class='ocr_line' id='line_1_43' title="bbox 1580 1484 1619 1506; baseline 0.026 -1"><span class='ocrx_word' id='word_1_368' title='bbox 1580 1484 1619 1506; x_wconf 86' lang='lat'>20</span> 
     </span>
    </p>
   </div>
  </div>
 </body>
</html>
