1774 2782
265 149 324 186 IN
359 150 399 185 P.
431 148 720 186 YA'HNIVM
751 148 976 186 TESTEM
1009 149 1446 187 INTERROGATIO
1498 159 1533 186 11

210 259 448 309 spectarisne
477 260 572 297 dum
604 260 646 298 C.
675 258 871 297 Antonius
901 272 987 298 reus
1019 260 1124 298 fieret
1154 260 1259 309 apud
1291 260 1363 299 Cn.
1392 260 1534 296 Lentu-

209 324 289 360 lum
319 324 570 370 Clodianum,
594 331 643 370 et,
667 332 803 373 postea
825 337 943 373 quam
973 323 1035 362 ille
1057 332 1113 362 est
1136 337 1222 362 reus
1244 325 1378 369 sactus,
1403 323 1531 361 statim

208 389 340 428 tuleris
376 389 413 427 in
449 402 537 428 eum
577 388 664 439 ‘qui
702 398 807 427 tuam
844 396 931 439 post
966 390 1091 439 legem
1127 402 1213 427 reus
1248 390 1372 426 factus
1407 389 1532 434 esset‚'

207 462 249 492 ut
284 455 404 493 homo
438 455 651 493 consularis
686 455 865 492 exclusus
901 455 1017 492 miser
1051 462 1199 504 puncto
1231 453 1416 504 temporis
1448 467 1532 502 spo-

169 533 185 563 5
207 519 363 558 liaretur
402 518 595 557 beneficio
635 526 671 556 et
710 519 907 568 aequitate
946 518 1039 568 legis
1078 520 1198 557 tuae?
1269 518 1386 556 Dices
1426 517 1531 555 fami-

206 584 411 622 liaritatem
441 583 511 622 tibi
541 584 658 621 fuisse
685 597 774 621 cum
805 585 853 632 Q.
879 582 1066 621 Maximo.
1127 584 1327 620 Praeclara
1354 581 1530 620 defensio

205 649 386 687 facinoris
408 648 462 687 tui
480 652 486 687 Ι
527 650 630 686 Nam
650 648 812 686 Maximi
831 648 992 698 quidem
1014 661 1167 686 summa
1188 649 1271 686 laus
1288 655 1344 686 est
1366 647 1530 696 sumptis

205 713 429 760 inimicitiis,
461 721 642 762 suscepta
675 726 801 760 causa,
836 712 1056 763 quaesitore
1089 712 1333 762 consilioque
1363 713 1528 758 delecto,

205 777 515 817 commodiorem
556 777 716 816 inimico
756 791 827 816 suo
866 778 1143 816 condicionem
1184 777 1403 816 reiectionis
1439 778 1530 815 dare

147 863 185 885 10
206 845 387 883 noluisse.
448 843 556 882 Nihil
585 843 784 881 Maximus
806 843 896 881 fecit
924 844 1095 881 alienum
1120 851 1187 881 aut
1215 856 1283 880 sua
1304 844 1443 880 virtute
1463 850 1529 880 aut

203 909 277 947 illis
311 908 399 947 viris
438 907 670 954 clarissimis,
709 909 849 954 Paulis,
889 907 1085 955 Maximis,
1120 907 1324 954 Africanis,
1361 920 1527 957 quorum

201 974 364 1024 gloriam
386 974 501 1011 huius
518 972 657 1012 virtute
678 981 903 1011 renovatam
923 987 1002 1012 non
1025 974 1146 1012 modo
1162 986 1374 1023 speramus,
1395 986 1527 1012 verum

203 1039 319 1077 etiam
341 1038 416 1076 iam
434 1038 613 1077 videmus
629 1052 638 1085 3
665 1045 730 1076 tua
748 1040 860 1084 fraus,
879 1047 990 1077 tuum
1008 1040 1256 1085 maleficium,
1275 1047 1384 1077 tuum
1402 1041 1527 1078 scelus

203 1105 298 1142 illud
319 1110 388 1149 est,
411 1110 449 1142 te
470 1102 510 1141 id
536 1104 645 1153 quod
670 1105 958 1154 promulgasses
987 1103 1275 1142 misericordiae
1297 1103 1457 1142 nomine
1477 1105 1527 1142 ad

143 1186 182 1217 ¹5
200 1168 440 1207 crudelitatis
461 1176 616 1218 tempus
637 1168 843 1208 distulisse.
887 1172 946 1208 Ac
967 1182 1073 1207 nunc
1090 1169 1250 1219 quidem
1269 1169 1313 1208 C.
1330 1169 1527 1208 Antonius

201 1235 274 1272 hac
296 1246 373 1271 una
395 1245 434 1271 re
455 1232 650 1271 miseriam
673 1247 782 1271 suam
811 1235 1046 1280 consolatur,
1069 1234 1178 1283 quod
1199 1233 1387 1283 imagines
1409 1234 1526 1283 patris

200 1305 237 1336 et
260 1299 382 1335 fratris
410 1296 469 1335 sui
494 1296 697 1347 fratrisque
722 1297 841 1335 filiam
871 1312 949 1336 non
979 1299 1017 1335 in
1046 1297 1191 1336 familia
1212 1298 1281 1336 sed
1306 1297 1344 1335 in
1373 1311 1525 1336 carcere

199 1364 445 1401 conlocatam
467 1363 601 1400 audire
623 1363 757 1400 maluit
780 1375 897 1411 quam
920 1362 1060 1400 videre.

253 1429 303 1465 Et
335 1428 522 1477 quoniam
560 1428 746 1477 pecunias
778 1426 942 1465 aliorum
976 1427 1157 1477 despicis,
1191 1428 1241 1465 de
1272 1428 1347 1465 tuis
1380 1426 1522 1465 divitiis

140 1512 180 1533 20
199 1491 540 1530 intolerantissime
561 1491 746 1542 gloriaris,
764 1493 853 1530 volo
871 1491 925 1529 uti
948 1491 1042 1529 mihi
1065 1493 1315 1542 respondeas,
1335 1492 1523 1531 fecerisne

198 1559 355 1596 foedera
382 1557 560 1595 tribunus
591 1556 716 1606 plebis
747 1570 835 1594 cum
867 1556 1099 1603 civitatibus,
1123 1570 1213 1595 cum
1243 1557 1408 1606 regibus,
1433 1571 1521 1595 cum

197 1623 423 1671 tetrarchis3
453 1622 674 1672 erogarisne
696 1621 882 1672 pecunias
911 1635 956 1660 ex
983 1622 1129 1660 aerario
1151 1621 1225 1660 tuis
1247 1621 1396 1672 legibus
1415 1637 1424 1670 3
1455 1622 1522 1660 eri-

196 1688 377 1738 puerisne
408 1688 524 1738 partis
556 1688 622 1726 illo
654 1695 830 1737 tempore
870 1686 1087 1725 carissimas
1117 1686 1255 1737 partim
1288 1700 1309 1725 a
1340 1687 1521 1734 Caesare,

196 1753 334 1802 partim
356 1767 377 1792 a
399 1753 648 1804 publicanis?
697 1754 810 1801 Quae
832 1766 922 1790 cum
944 1752 995 1790 ita
1017 1752 1103 1798 sint,
1127 1765 1272 1801 quaero
1294 1765 1338 1790 ex
1360 1760 1397 1790 te
1418 1751 1520 1790 sisne

136 1838 174 1870 25
195 1831 240 1856 ex
261 1819 509 1869 pauperrimo
530 1819 638 1858 dives
656 1821 780 1858 factus
802 1818 868 1856 illo
885 1817 969 1867 ipso
990 1830 1094 1855 anno
1116 1830 1195 1866 quo
1216 1818 1275 1854 lex
1296 1818 1371 1854 lata
1393 1824 1449 1855 est
1470 1818 1520 1855 de

194 1883 370 1933 pecuniis
401 1885 626 1935 repetundis
654 1884 852 1930 acerrima,
877 1890 918 1921 ut
947 1895 1084 1920 omnes
1112 1881 1334 1931 intellegere
1359 1889 1519 1931 possent

192 1962 215 1986 a
236 1958 272 1987 te
295 1963 373 1988 non
397 1951 517 1989 modo
546 1958 677 1989 nostra
701 1957 798 1998 acta,
823 1963 922 2000 quos
949 1956 1134 1998 tyrannos
1155 1960 1282 1993 vocas,
1305 1947 1374 1984 sed
1402 1946 1518 1984 etiam

191 2014 416 2053 amicissimi
438 2015 492 2054 tui
513 2017 638 2065 legem
656 2029 740 2054 esse
757 2022 1052 2064 contemptam,⁸
1081 2013 1186 2062 apud
1204 2025 1320 2061 quem
1338 2018 1378 2049 tu
1401 2010 1516 2049 etiam

192 2093 264 2118 nos
296 2080 489 2118 criminari
523 2082 633 2128 soles,
668 2080 733 2131 qui
765 2080 817 2118 illi
851 2093 985 2118 sumus
1017 2076 1254 2124 amicissimi,
1289 2089 1378 2114 cum
1411 2083 1451 2114 tu
1482 2075 1515 2114 ei

241 2194 251 2214 1
280 2185 355 2214 dum
374 2184 570 2215 ΔΜαηιιίιίιετ
595 2196 669 2215 cum
688 2184 776 2216 codd.
867 2193 886 2222 3
913 2183 944 2213 in
965 2193 1041 2212 eum
1056 2185 1142 2223 (eam
1158 2182 1217 2213 P¹i
1237 2181 1292 2220 qui
1306 2179 1392 2209 codd.
1413 2190 1418 2208 :
1436 2178 1513 2216 Qui-

192 2238 334 2267 cumque
355 2227 457 2267 Cobet,
477 2228 614 2258 Mueller
631 2228 760 2266 (Rabr'r.
781 2229 795 2263 ξ
818 2234 870 2264 14>
1006 2237 1027 2265 9
1051 2226 1281 2256 commodiore
1301 2223 1436 2252 inimico
1454 2232 1515 2252 suo

191 2271 415 2302 conditionem
444 2272 649 2310 <contionem
674 2270 792 2310 P232>
818 2269 1009 2300 reiectionis
1033 2269 1141 2299 P²BG
1165 2269 1243 2298 alh:
1279 2265 1514 2296 mcoffiodiore

191 2315 345 2345 iectionis
362 2314 401 2344 Ρ1
422 2315 551 2354 (mediis
567 2315 712 2344 omissis-i
730 2326 737 2344 :
763 2324 819 2343 reo
837 2313 1046 2343 commodum
1067 2313 1180 2342 reiect.
1196 2311 1302 2340 Halm
1396 2319 1429 2338 11
1450 2309 1515 2339 illis

191 2358 271 2388 viris
284 2357 474 2399 Naugerius
492 2360 541 2395 (ι)
561 2370 566 2388 :
592 2358 655 2388 illis
675 2357 752 2388 GE:
778 2356 865 2386 illius
883 2356 1023 2387 ΡΒΣῖυε
1049 2356 1135 2385 illius
1150 2354 1419 2384 familiarissimis
1434 2353 1511 2383 clar.

190 2402 250 2432 vir.
272 2402 366 2441 (viris
383 2402 478 2442 clar.)
496 2401 573 2432 Hks
590 2401 646 2433 all.
794 2411 835 2438 29
860 2410 932 2430 curn
954 2424 960 2430 .
980 2424 986 2431 .
1006 2423 1012 2430 .
1034 2398 1177 2439 totiens]
1197 2398 1247 2428 cui
1266 2397 1392 2427 totiens
1409 2394 1513 2435 (med.

189 2446 318 2485 0:111'55.)
337 2445 440 2477 Schol.
532 2444 579 2485 ei]
599 2450 630 2475 ct
648 2444 736 2474 ΡΒΣ
755 2444 786 2483 (ξ
808 2449 841 2483 7)

1555 163 1594 196 27

1554 527 1592 557 28

1544 1407 1585 1433 12

1543 1466 1583 1498 29
