1774 2782
114 864 151 886 10

173 154 388 191 ORATIO
411 154 548 191 POST
571 154 837 190 REDITVM
862 154 921 190 IN
945 153 1161 190 SENATV
1187 154 1405 190 HABITA
1455 161 1499 188 10
1524 164 1562 195 ²5

171 264 366 311 omnibus,
389 265 459 302 sed
489 265 692 301 luctuosus
724 272 854 301 tamen
883 263 986 300 visus
1017 271 1084 301 est.
1148 264 1288 312 Itaque
1315 262 1501 300 divinitus
1525 264 1562 295 26

171 329 312 368 exstitit
326 343 405 367 non
420 330 542 367 modo
563 329 697 366 salutis
715 330 907 374 defensor,
927 328 992 378 qui
1013 336 1105 366 ante
1119 329 1195 365 boc
1213 341 1336 365 unum
1357 328 1502 365 benefi-

170 394 273 432 cium
288 395 410 432 fuerat
427 393 620 440 inimicus,
637 407 771 431 verum
790 393 907 431 etiam
929 393 1145 442 adscriptor
1161 392 1360 442 dignitatis
1378 405 1498 430 meae.

171 461 263 508 Quo
283 459 445 508 quidem
459 460 523 497 die
541 472 630 496 cum
645 458 920 508 quadringenti
936 459 1073 496 decem
1093 466 1243 507 septem
1259 457 1406 503 essetis,
1426 471 1503 495 ma-

169 524 348 574 gistratus
367 532 499 563 autem
514 537 653 562 omnes
670 524 866 569 adessent,
883 523 1066 561 dissensit
1079 536 1192 570 unus,
1210 524 1239 560 is
1255 525 1320 572 qui
1337 536 1406 560 sua
1419 524 1502 572 lege

170 589 393 628 coniuratos
407 590 525 628 etiam
539 589 589 627 ab
607 588 738 627 inferis
753 588 980 626 excitandos
997 596 1161 638 putarat.
1206 590 1339 638 Atque
1354 588 1418 626 illo
1440 588 1503 626 die

170 669 259 693 cum
290 670 370 694 rem
401 656 600 706 publicam
635 654 730 693 meis
767 654 939 692 consiliis
969 660 1238 692 conservatam
1269 653 1502 703 gravissimis

169 721 296 760 verbis
317 730 354 760 et
376 720 551 771 plurimis
574 720 828 766 iudicassetis‚
849 720 952 758 idem
971 721 1109 757 consul
1130 719 1277 757 curavit
1299 726 1341 757 ut
1362 721 1500 758 eadem

169 801 191 826 a
221 787 461 837 principibus
490 786 657 824 civitatis
689 787 727 823 in
758 785 944 824 contione
974 793 1131 835 postero
1161 785 1225 823 die
1255 785 1502 831 dicerentur;

170 866 259 890 cum
277 852 437 901 quidem
459 851 541 901 ipse
563 851 640 901 egit
660 850 906 889 ornatissime
927 863 1055 888 meam
1072 863 1242 895 causam,
1261 849 1501 900 perfecitque

168 926 320 956 astante
347 925 464 967 atque
491 917 677 955 audiente
700 916 813 954 Italia
841 924 922 954 tota
949 922 991 953 ut
1018 929 1137 953 nemo
1158 915 1389 965 cuiusquam
1411 928 1502 953 con-

170 983 276 1022 ducti
311 991 378 1021 aut
417 982 556 1032 perditi
592 995 730 1020 vocem
771 982 953 1019 acerbam
993 988 1111 1030 atque
1150 979 1348 1018 inimicam
1385 979 1500 1018 bonis

170 1055 302 1099 posset
328 1048 475 1087 audire.
535 1049 597 1087 Ad
626 1049 724 1086 haec
754 1061 834 1085 non
866 1048 986 1085 modo
1013 1046 1242 1084 adiumenta
1268 1047 1402 1084 salutis
1430 1047 1499 1084 sed
1520 1031 1561 1112 ἒξ

1547 1104 1555 1122 A

170 1114 286 1153 etiam
325 1121 555 1152 ornamenta
594 1113 794 1163 dignitatis
838 1126 948 1150 meae
995 1111 1144 1161 reliqua
1183 1125 1251 1150 vos
1291 1111 1395 1150 idem
1435 1113 1500 1150 ad-

135 1179 346 1225 5didistis:
387 1178 612 1217 decrevistis
646 1192 694 1216 ne
727 1177 814 1228 quis
854 1179 932 1215 ulla
965 1178 1114 1215 ratione
1153 1190 1234 1214 rem
1270 1176 1500 1227 impediret3

170 1246 236 1294 qui
269 1243 508 1293 impedisset,
542 1243 706 1293 graviter
741 1244 985 1292 molesteque
1021 1241 1331 1280 laturos—illum
1366 1250 1502 1280 contra

171 1323 249 1348 rem
273 1309 470 1359 publicam
499 1310 745 1357 salutemque
768 1308 963 1346 bonorum
994 1307 1329 1357 concordiamque
1357 1307 1500 1345 civium

171 1376 373 1420 facturum,
393 1381 430 1412 et
451 1380 493 1411 ut
512 1374 563 1411 ad
580 1387 648 1411 vos
666 1374 716 1411 de
732 1386 780 1412 eo
797 1372 927 1411 statim
949 1374 1177 1420 referretur3
1207 1386 1349 1422 meque
1370 1374 1499 1420 etiam,

170 1439 200 1477 si
233 1440 377 1477 diutius
409 1438 751 1485 calumniarentur,
783 1438 908 1476 redire
939 1437 1112 1475 iussistis.
1174 1437 1313 1486 Quid?
1347 1446 1389 1476 ut
1419 1452 1503 1488 age-

112 1523 124 1535 π
170 1511 301 1543 rentur
334 1503 488 1554 gratiae,
525 1503 591 1553 qui
625 1517 645 1541 e
681 1502 904 1552 municipiis
938 1501 1165 1541 venissent?
1208 1502 1333 1552 quid?
1376 1510 1418 1541 ut
1452 1505 1502 1542 ad

170 1569 275 1607 illam
310 1569 426 1615 diem,
459 1583 518 1607 res
558 1583 648 1607 cum
684 1568 887 1615 redissent,
919 1575 1145 1617 rogarentur
1178 1575 1220 1605 ut
1254 1568 1335 1617 pari
1371 1568 1502 1607 studio

170 1634 453 1672 convenirent?
496 1634 621 1683 quid?
665 1633 838 1683 denique
872 1633 938 1671 illo
973 1632 1048 1679 die,
1081 1645 1199 1682 quem
1236 1634 1277 1670 P.
1312 1635 1501 1671 Lentulus

170 1699 266 1737 mihi
287 1699 470 1749 fratrique
492 1713 581 1738 meo
602 1699 812 1748 liberisque
833 1697 974 1736 nostris
996 1699 1165 1735 natalem
1187 1697 1400 1745 constituit,
1420 1712 1500 1737 non

172 1766 292 1803 modo
323 1766 373 1803 ad
405 1773 577 1803 nostram
608 1778 743 1803 verum
776 1766 893 1802 etiam
927 1765 977 1802 ad
1013 1763 1237 1813 sempiterni
1270 1763 1500 1802 memoriam

172 1830 367 1879 temporis,
402 1843 481 1879 quo
512 1830 577 1868 die
611 1843 684 1867 nos
719 1828 888 1867 comitiis
923 1828 1158 1874 centuriatis,
1196 1841 1297 1878 quae
1333 1828 1501 1866 maxime

171 1895 336 1934 maiores
361 1895 519 1933 comitia
540 1895 641 1933 iusta
661 1895 738 1933 dici
768 1894 982 1944 haberique
1003 1895 1218 1940 voluerunt,
1241 1893 1440 1933 arcessivit
1462 1894 1500 1932 in

168 1961 342 2010 patriam,
371 1967 412 1998 ut
441 1962 605 1999 eaedem
636 1960 836 1998 centuriae
871 1973 972 2010 quae
1002 1974 1065 1998 me
1094 1961 1297 1998 consulem
1329 1961 1501 1998 fecerant

168 2027 414 2063 consulatum
438 2040 568 2064 meum
591 2025 999 2076 comprobarent—eo
1021 2025 1085 2063 die
1106 2024 1192 2074 quis
1220 2024 1313 2063 civis
1342 2024 1413 2062 fuit
1434 2024 1499 2074 qui

168 2092 223 2128 fas
245 2103 328 2129 esse
349 2099 513 2140 putaret,
538 2104 789 2141 quacumque
811 2098 876 2128 aut
898 2098 1024 2128 aetate
1053 2097 1119 2127 aut
1141 2091 1364 2128 valetudine
1385 2097 1497 2137 esset,

211 2203 224 2223 1
243 2194 402 2225 divinitus
419 2206 472 2226 ex.
493 2194 605 2226 xllnell.
624 2207 629 2225 t
656 2196 766 2225 extitit
778 2206 809 2225 ec
826 2207 830 2225 :
848 2195 984 2225 dimittit
1003 2206 1019 2224 s
1053 2194 1229 2224 dimittitur
1248 2192 1309 2224 rell.
1331 2194 1499 2234 praeter?

166 2237 233 2277 (hic
255 2238 325 2275 fuit,
339 2242 367 2267 et
382 2239 426 2268 ila
440 2238 617 2278 Angelius)
739 2250 757 2268 2
784 2250 885 2269 unum
906 2238 994 2268 codd.
1014 2242 1144 2278 practer
1157 2250 1170 2267 ε
1189 2238 1315 2277 (suum)
1333 2248 1339 2267 :
1365 2237 1496 2266 unicum

167 2281 244 2311 coni.
262 2280 368 2311 Halm
384 2293 391 2312 :
413 2282 557 2312 divinum
577 2282 666 2311 Koch
684 2294 690 2313 t
715 2293 838 2312 novum
856 2282 967 2313 Mucll.
1063 2293 1082 2320 4
1108 2292 1182 2312 cum
1200 2291 1259 2311 vos
1276 2292 1289 2310 ε
1380 2281 1498 2310 essetis

167 2324 200 2353 P
214 2324 278 2355 rell.
291 2329 421 2363 praeter
435 2326 492 2355 bks
512 2327 706 2365 (senatores
729 2327 862 2358 essetis.
890 2336 930 2355 ex
944 2330 1085 2364 septem.
1106 2324 1211 2363 credo)
1330 2325 1368 2353 16
1390 2324 1445 2361 qui
1466 2324 1496 2353 id

171 2366 266 2398 qu's
346 2378 407 2399 vos
423 2370 572 2408 graviter
585 2381 598 2398 ε
729 2371 766 2399 18
784 2370 825 2399 de
843 2379 882 2399 eo
896 2369 939 2399 Ge
955 2379 962 2398 τ
979 2379 1021 2398 eo
1038 2369 1101 2398 ΡΒ
1117 2380 1123 2399 :
1149 2379 1188 2399 ea
1205 2368 1271 2399 bs-Ts
1408 2377 1445 2405 19
1463 2371 1498 2396 ut

169 2411 208 2440 iis
226 2410 345 2442 Lamb.
483 2413 524 2442 28
550 2423 590 2442 eo
608 2413 662 2442 die
682 2411 794 2443 Aladv.
814 2425 820 2443 :
845 2423 909 2452 quo
929 2413 981 2442 die
999 2412 1086 2443 codd.

1524 2031 1560 2059 28
