1774 2782
236 132 292 168 49
318 136 374 169 ιη
681 124 736 160 M.
768 124 936 160 TVLLI
968 123 1275 162 CICERONIS

224 1145 282 1174 128

308 242 387 281 tuo,
410 247 651 284 quamquam
679 234 742 271 ille
768 240 925 283 gentem
949 232 1059 271 istam
1090 232 1255 282 reliquit,
1279 233 1348 271 sed
1369 239 1500 271 tamen
1528 234 1636 273 disce

306 300 356 337 ab
374 301 533 337 homine
555 298 807 348 religionibus
824 298 961 336 dedito
978 299 1035 335 ius
1052 306 1178 336 totum
1196 299 1373 336 omnium
1391 297 1635 347 religionum.

307 363 445 411 Quid?
482 363 522 400 in
550 362 802 401 dedicatione
823 375 956 401 nonne
977 370 1014 401 et
1036 364 1122 412 quis
1144 363 1302 401 dedicet
1323 370 1361 401 et
1382 362 1477 412 quid
1497 370 1535 401 et
1556 376 1638 413 quo

306 428 427 465 modo
448 428 674 477 quaeritur?
730 429 793 466 An
811 435 855 465 tu
877 429 974 466 haec
994 427 1046 465 ita
1067 429 1277 466 confundis
1298 435 1336 465 et
1357 427 1560 477 perturbas
1582 436 1635 473 ut,

305 494 545 542 quicumque
567 493 668 539 velit,
685 494 793 542 quod
814 494 905 530 velit
926 505 1006 541 quo
1027 493 1149 530 modo
1170 493 1261 530 velit
1278 491 1404 542 possit
1417 491 1638 530 dedicare?

306 556 406 604 Quis
434 569 517 594 eras
544 564 585 594 tu
614 556 681 606 qui
709 557 952 595 dedicabas?
1010 557 1104 605 Quo
1132 558 1243 595 iure?
1291 569 1368 605 qua
1395 557 1510 606 lege?
1557 570 1637 606 quo

305 622 516 670 exemplo?
554 634 631 670 qua
653 623 876 670 potestate?
923 621 1001 659 Vbi
1025 630 1061 659 te
1084 622 1144 659 isti
1167 621 1218 659 rei
1240 622 1410 670 populus
1432 622 1637 659 Romanus

306 686 571 733 praefecerat?
627 685 757 724 Video
787 687 891 723 enim
923 698 1007 723 esse
1035 687 1159 735 legem
1189 693 1359 724 veterem
1386 684 1635 723 tribuniciam

305 762 406 798 quae
441 757 543 787 vetet
575 749 722 788 iniussu
755 750 879 800 plebis
913 750 1032 796 aedis,
1066 758 1218 797 terram,
1250 763 1356 788 aram
1389 750 1637 797 consecrari;

305 827 433 863 neque
468 822 550 851 tum
582 815 658 852 hoc
693 814 758 852 ille
788 817 837 863 Q.
871 815 1056 865 Papirius,
1089 815 1155 865 qui
1187 817 1288 854 hanc
1318 817 1444 866 legem
1476 816 1633 866 rogavit,

306 879 436 925 sensit,
460 892 587 928 neque
613 879 832 929 suspicatus
853 887 910 917 est
932 880 1013 918 fore
1041 881 1257 930 periculum
1280 894 1329 919 ne
1350 880 1549 919 domicilia
1569 889 1635 919 aut

306 943 574 991 possessiones
597 944 914 982 indemnatorum
937 945 1080 982 civium
1102 954 1434 984 consecrarentur.
1494 947 1635 995 Neque

305 1006 408 1044 enim
441 1007 479 1045 id
509 1008 589 1046 fieri
618 1010 673 1046 fas
704 1017 798 1056 erat,
819 1022 947 1059 neque
978 1009 1187 1059 quisquam
1218 1012 1372 1057 fecerat,
1396 1024 1526 1061 neque
1555 1020 1634 1050 erat

305 1085 421 1110 causa
456 1087 523 1110 cur
558 1074 808 1123 prohibendo
838 1088 918 1113 non
948 1082 1028 1113 tam
1059 1077 1253 1114 deterrere
1288 1076 1482 1115 videretur
1515 1090 1633 1126 quam

303 1138 530 1177 admonere.
580 1140 658 1177 Sed
679 1141 770 1189 quia
790 1141 1122 1179 consecrabantur
1141 1143 1272 1188 aedes,
1295 1155 1375 1180 non
1397 1143 1633 1192 privatorum

304 1203 516 1252 domicilia,
538 1206 607 1243 sed
628 1218 729 1255 quae
750 1219 881 1244 sacrae
902 1206 1166 1254 nominantur,
1190 1207 1522 1246 consecrabantur
1541 1209 1631 1257 agri,

304 1282 384 1306 non
415 1269 467 1308 ita
496 1277 538 1307 ut
568 1279 697 1308 nostra
729 1271 896 1320 praedia,
930 1272 959 1309 si
996 1272 1061 1321 qui
1093 1273 1219 1319 vellet,
1253 1274 1323 1311 sed
1354 1281 1394 1310 ut
1425 1274 1634 1322 imperator

302 1347 413 1383 agros
453 1335 502 1372 de
538 1335 716 1373 hostibus
755 1345 890 1385 captos
930 1344 1186 1384 consecraret,
1223 1337 1494 1375 statuebantur
1531 1350 1630 1385 arae,

302 1412 403 1448 quae
425 1399 651 1449 religionem
669 1402 864 1439 adferrent
887 1400 957 1450 ipsi
974 1403 1010 1439 ei
1023 1403 1111 1440 loco
1132 1415 1204 1451 quo
1220 1410 1349 1440 essent
1366 1410 1628 1450 consecratae,

303 1465 399 1502 haec
430 1464 499 1502 nisi
528 1465 640 1514 plebs
668 1466 840 1504 iussisset
874 1466 953 1503 fieri
982 1468 1112 1504 vetuit.
1173 1467 1287 1515 Quae
1316 1466 1346 1504 si
1377 1474 1418 1504 tu
1449 1468 1630 1516 interpre-

302 1529 391 1567 taris
408 1531 457 1568 de
475 1531 614 1568 nostris
630 1531 795 1569 aedibus
811 1540 930 1581 atque
946 1532 1045 1582 agris
1062 1532 1203 1582 scripta
1224 1545 1320 1577 esse,
1339 1545 1419 1570 non
1437 1545 1629 1582 repugno3

302 1596 370 1633 sed
392 1608 538 1644 quaero
565 1609 667 1645 quae
695 1598 754 1635 lex
782 1598 858 1635 lata
885 1598 932 1635 sit
961 1605 1002 1635 ut
1031 1605 1071 1635 tu
1099 1598 1207 1635 aedis
1236 1610 1341 1635 meas
1369 1610 1628 1644 consecrares,

301 1660 368 1698 ubi
390 1660 460 1698 tibi
482 1662 578 1699 haec
600 1669 772 1711 potestas
793 1663 883 1700 data
904 1662 962 1708 sit,
986 1675 1066 1712 quo
1088 1662 1168 1701 iure
1189 1663 1337 1700 feceris.
1396 1663 1537 1712 Neque
1556 1675 1630 1712 ego

302 1739 406 1764 nunc
437 1727 487 1764 de
517 1726 702 1776 religione
732 1729 801 1765 sed
831 1729 881 1766 de
911 1728 1027 1766 bonis
1057 1727 1233 1766 omnium
1266 1735 1452 1774 nostrum,
1477 1741 1549 1766 nec
1579 1729 1630 1766 de

229 1803 282 1840 50
302 1790 504 1840 pontificio
535 1792 604 1830 sed
631 1793 682 1830 de
710 1794 789 1830 iure
819 1793 979 1842 publico
1006 1792 1175 1842 disputo.
1237 1794 1317 1831 Lex
1345 1792 1499 1842 Papiria
1525 1800 1628 1830 vetat

300 1855 408 1893 aedis
445 1855 591 1894 iniussu
626 1857 751 1907 plebis
786 1859 1016 1896 consecrari.
1075 1859 1132 1896 Sit
1166 1870 1259 1896 sane
1294 1859 1368 1896 hoc
1403 1859 1453 1896 de
1487 1858 1628 1896 nostris

301 1921 465 1959 aedibus
486 1935 531 1959 ac
553 1936 633 1960 non
655 1924 704 1960 de
726 1923 893 1973 publicis
920 1924 1075 1972 templis
1093 1939 1099 1962 :
1130 1937 1253 1961 unum
1280 1924 1445 1961 ostende
1466 1923 1629 1961 verbum

300 1987 605 2025 consecrationis
636 1988 675 2025 in
705 1988 788 2038 ipsa
818 1997 884 2026 tua
914 1990 1008 2038 lege,
1039 1989 1068 2026 si
1101 1990 1164 2027 illa
1194 1990 1253 2027 lex
1284 1997 1341 2027 est
1370 2002 1415 2027 ac
1446 2002 1526 2026 non
1556 2002 1630 2026 vox

223 2069 280 2099 129
302 2051 456 2089 sceleris
485 2060 523 2090 et
553 2053 792 2091 crudelitatis
822 2062 923 2092 tuae.
983 2055 1104 2103 Quod
1135 2053 1164 2091 si
1196 2054 1265 2091 tibi
1297 2062 1378 2091 tum
1410 2053 1449 2091 in
1480 2053 1546 2091 illo
1575 2053 1628 2091 rei

301 2116 482 2166 publicae
503 2119 704 2168 naufragio
731 2119 864 2157 omnia
885 2119 923 2157 in
953 2127 1125 2157 mentem
1153 2119 1284 2157 venire
1310 2120 1538 2169 potuissent,
1562 2125 1628 2156 aut

301 2181 330 2219 si
362 2189 451 2219 tuus
486 2182 648 2232 scriptor
684 2183 722 2221 in
758 2183 824 2222 illo
858 2183 1043 2222 incendio
1077 2183 1242 2222 civitatis
1277 2197 1356 2222 non
1392 2185 1628 2233 syngraphas

345 2294 364 2322 3
398 2285 532 2314 dedicet
560 2284 671 2316 Bait.:
707 2287 786 2316 dicit
812 2286 900 2317 codd.
1019 2292 1051 2317 et
1079 2287 1159 2326 quid
1189 2292 1222 2317 et
1247 2286 1334 2317 Hkt:
1368 2291 1401 2317 et
1426 2287 1481 2326 qui
1506 2286 1538 2315 P
1560 2286 1623 2316 rell.

298 2331 426 2367 praeter
441 2339 470 2358 w
489 2332 538 2367 <et
555 2329 650 2368 quid)
782 2340 802 2367 9
827 2340 1027 2361 consecrare
1044 2330 1132 2362 codd.
1271 2340 1308 2368 19
1333 2331 1396 2369 ipsi
1418 2331 1447 2360 ei
1472 2330 1546 2360 loco
1562 2340 1627 2368 quo

304 2369 415 2401 Μαιίυ.
435 2383 441 2402 :
468 2372 531 2410 ipsi
551 2371 622 2402 loco
642 2382 706 2410 quo
725 2372 857 2402 Baiter:
886 2374 947 2412 ipsi
968 2374 1058 2414 (ipso
1076 2373 1123 2407 b²l
1141 2374 1168 2403 si
1186 2373 1259 2404 loco
1276 2373 1363 2404 codd.
1382 2385 1388 2404 :
1417 2374 1479 2413 ipsi
1498 2374 1583 2410 loco,
1600 2373 1626 2402 si

306 2413 401 2444 Klolz
419 2427 424 2444 :
451 2416 553 2454 ipsae,
575 2416 601 2444 si
624 2415 698 2445 loco
716 2415 885 2455 Naegelsb.
993 2428 1034 2446 ρο
1060 2417 1174 2456 plebes
1195 2416 1292 2447 GMw

1661 832 1697 853 10

1651 1481 1691 1502 20

1650 1806 1689 1838 ²5

1649 2130 1690 2160 30
