1774 2782
268 154 293 189 4
314 150 331 178 s.
680 143 734 179 M.
767 144 934 179 ‘svm
967 141 1274 181 CICERONIS

311 254 360 291 ad
392 254 495 290 illam
526 260 676 302 pestem
710 251 1063 301 comprimendam,
1093 251 1428 299 exstinguendam,
1463 250 1637 287 funditus

311 318 520 356 delendam
545 324 658 354 natus
676 329 760 353 esse
774 315 926 353 videtur
946 323 983 354 et
1005 315 1114 365 quasi
1133 315 1266 353 divino
1288 328 1449 353 munere
1470 316 1638 352 donatus

312 381 364 419 rei
386 382 577 430 publicae.
637 381 749 418 Solus
771 379 834 418 ille
855 379 1037 429 cognovit
1059 393 1176 429 quem
1194 381 1243 418 ad
1262 381 1423 417 modum
1446 387 1637 416 armatum

312 445 449 491 civem,
473 444 539 494 qui
560 444 767 494 lapidibus,
792 443 858 494 qui
880 445 981 482 ferro
1002 443 1098 482 alios
1120 445 1279 493 fugaret,
1303 445 1399 481 alios
1421 442 1528 481 domi
1550 456 1639 480 con-

311 511 463 556 tineret,
485 509 550 559 qui
573 510 710 547 urbem
733 517 866 554 totam,
891 508 957 558 qui
980 510 1138 556 curiam,
1161 508 1226 558 qui
1246 510 1382 554 forum,
1406 507 1471 557 qui
1494 508 1639 557 templa
1660 524 1677 555 5

311 576 444 613 omnia
474 575 595 613 caede
626 574 900 623 incendiisque
930 581 1098 620 terreret,
1123 586 1203 611 non
1235 574 1355 611 modo
1380 572 1479 610 vinci
1506 586 1638 610 verum

313 640 428 678 etiam
447 640 581 678 vinciri
603 647 809 689 oporteret.
871 639 978 677 Huic
1001 652 1073 688 ego
1095 646 1131 676 et
1153 639 1217 676 tali
1240 646 1277 676 et
1298 638 1349 675 ita
1371 639 1421 676 de
1443 651 1504 676 me
1525 651 1569 675 ac
1591 639 1640 675 de

312 706 434 755 patria
456 705 593 744 merito
610 707 690 743 viro
718 719 935 755 numquam
967 718 1053 743 mea
1075 706 1276 742 voluntate
1297 703 1526 754 praeripiam
1550 717 1639 742 eum

275 654 290 689 *Y

312 770 538 820 praesertim
568 784 677 808 reum
710 773 820 808 cuius
853 770 916 808 ille
949 769 1171 807 inimicitias
1202 783 1281 807 non
1313 770 1439 807 solum
1471 768 1640 817 suscepit

311 844 468 885 propter
489 836 653 873 salutem
675 848 814 882 meam,
833 848 967 873 verum
985 834 1102 873 etiam
1123 833 1323 884 adpetivit.
1373 835 1449 872 Sed
1472 833 1500 871 si
1523 835 1638 871 etiam
1665 850 1701 870 10

311 914 416 938 nunc
439 901 683 950 inlaqueatus
699 900 773 937 iam
792 901 969 937 omnium
992 901 1122 949 legum
1143 898 1335 949 periculis,
1356 898 1531 937 inretitus
1547 899 1640 937 odio

311 965 507 1003 bonorum
536 964 725 1011 omnium,
749 964 1040 1015 exspectatione
1061 963 1227 1014 supplici
1255 965 1330 1002 iam
1358 977 1438 1002 non
1459 964 1640 1002 diuturna

312 1030 544 1080 implicatus,
567 1031 710 1068 seretur
738 1037 870 1068 tamen
901 1029 1098 1068 haesitans
1128 1037 1166 1068 et
1196 1030 1235 1067 in
1265 1042 1330 1067 me
1359 1028 1548 1079 impetum
1574 1029 1641 1066 im-

312 1095 467 1144 peditus
504 1096 631 1133 facere
663 1094 879 1142 conabitur,
916 1094 1093 1133 resistam
1125 1101 1163 1132 et
1197 1102 1263 1132 aut
1296 1095 1542 1132 concedente
1575 1102 1641 1131 aut

312 1159 428 1198 etiam
459 1160 671 1197 adiuvante
701 1160 854 1198 Milone
880 1158 962 1197 eius
990 1167 1177 1197 conatum
1208 1159 1412 1197 refutabo:
1442 1160 1547 1196 velut
1574 1159 1641 1196 he·
1663 1172 1700 1203 15

312 1232 442 1262 sterno
472 1224 536 1262 die
565 1238 655 1261 cum
682 1223 777 1261 mihi
807 1223 924 1262 stanti
954 1232 1089 1263 tacens
1119 1225 1341 1271 minaretur,
1366 1238 1461 1262 voce
1488 1231 1639 1261 tantum

311 1289 417 1338 attigi
458 1290 588 1338 legum
628 1289 781 1327 initium
822 1297 859 1327 et
898 1288 1029 1327 iudici.
1089 1288 1283 1328 Consedit
1322 1289 1412 1328 ille:
1455 1287 1639 1327 conticui.

312 1355 428 1392 Diem
460 1354 630 1401 dixisset,
663 1362 704 1391 ut
735 1353 901 1392 iecerat:
947 1354 1127 1392 fecissem
1157 1361 1199 1392 ut
1231 1353 1265 1392 ei
1295 1353 1425 1391 statim
1455 1352 1590 1391 tertius
1617 1366 1641 1391 a

312 1427 487 1468 praetore
509 1420 592 1457 dies
613 1420 817 1458 diceretur.
869 1422 1001 1469 Atque
1018 1420 1093 1457 hoc
1114 1420 1169 1457 sic
1190 1419 1414 1457 moderetur
1429 1425 1467 1457 et
1483 1418 1638 1468 cogitet,

312 1485 341 1521 si
372 1491 582 1522 contentus
613 1484 660 1521 sit
691 1483 735 1521 iis
766 1484 978 1522 sceleribus
1012 1498 1114 1534 quae
1144 1483 1351 1530 commisit,
1384 1496 1469 1522 esse
1496 1496 1534 1522 se
1561 1482 1639 1521 iam
1662 1501 1702 1522 20

311 1556 581 1587 consecratum
607 1549 747 1587 Miloni
766 1565 771 1588 :
803 1549 833 1587 si
854 1550 961 1599 quod
983 1548 1021 1587 in
1043 1563 1107 1588 me
1127 1551 1248 1587 telum
1270 1548 1490 1596 intenderit,
1510 1550 1639 1587 statim

312 1627 374 1652 me
395 1627 479 1652 esse
500 1622 742 1664 arrepturum
765 1628 873 1652 arma
893 1614 1126 1653 iudiciorum
1149 1622 1266 1664 atque
1286 1615 1427 1664 legum.

272 1691 290 1720 8
365 1682 496 1729 Atque
530 1681 648 1729 paulo
683 1688 784 1728 ante,
821 1688 949 1730 patres
983 1680 1205 1730 conscripti,
1240 1679 1468 1718 contionem
1503 1681 1639 1718 habuit

311 1757 412 1794 quae
433 1753 489 1782 est
510 1745 560 1783 ad
581 1757 644 1783 1116
669 1752 751 1783 tota
773 1746 926 1791 delata,-
956 1746 1066 1782 cuius
1083 1744 1280 1783 contionis
1301 1746 1469 1794 primum
1492 1746 1640 1783 univer-

312 1823 398 1847 sum
427 1816 701 1858 argumentum
732 1809 1048 1858 sententiamque
1077 1809 1235 1857 audite,
1265 1823 1354 1847 cum
1386 1809 1542 1847 riseritis
1572 1810 1639 1847 im-
1661 1825 1700 1857 2.5

312 1874 542 1923 pudentiam
574 1874 756 1921 hominis,
788 1883 869 1912 tum
901 1888 922 1912 a
953 1887 1016 1912 me
1051 1875 1100 1912 de
1135 1882 1215 1912 tota
1245 1875 1430 1912 contione
1459 1873 1636 1913 audietis.

267 1958 293 1997 5
314 1939 376 1977 De
397 1938 649 1989 religionibus
670 1939 786 1977 sacris
814 1947 851 1978 et
881 1938 1128 1978 caerimoniis
1149 1947 1207 1977 est
1229 1939 1490 1986 contionatus,
1510 1946 1640 1989 patres

312 2003 533 2053 conscripti,
557 2004 721 2044 Clodius
741 2020 748 2044 :
780 2004 954 2051 Publius,
979 2005 1151 2054 inquam,
1176 2005 1341 2042 Clodius
1363 2017 1470 2041 sacra
1493 2010 1531 2041 et
1558 2003 1640 2042 reli-

310 2068 446 2117 giones
463 2069 613 2120 neglegi
631 2069 763 2107 violari
781 2069 904 2120 pollui
925 2078 1086 2119 questus
1107 2077 1165 2107 est
1183 2072 1189 2107 1
1248 2070 1340 2106 Non
1358 2068 1497 2106 mirum
1515 2068 1546 2107 si
1562 2070 1639 2107 hoc

311 2134 423 2171 vobis
453 2133 659 2172 ridiculum
685 2134 862 2173 videtur:
902 2134 1018 2172 etiam
1050 2147 1119 2171 sua
1148 2133 1283 2171 contio
1311 2132 1392 2171 risit
1422 2133 1636 2180 hominem,
1659 2153 1700 2183 30

311 2210 392 2248 quo
414 2199 535 2236 modo
555 2198 638 2247 ipse
659 2198 811 2248 gloriari
836 2201 946 2246 solet,
969 2198 1148 2237 ducentis
1172 2199 1371 2236 confixum
1400 2197 1524 2236 senati
1548 2211 1639 2236 con-

356 2312 373 2341 7
402 2303 521 2332 vinciri
540 2302 718 2341 Fabricius,
739 2306 766 2333 cl
781 2303 814 2332 ιἰι
833 2314 901 2343 mg.
921 2306 954 2333 t:
979 2302 1116 2332 vincere
1133 2301 1219 2332 codd.
1319 2310 1356 2340 17
1383 2301 1494 2340 legum
1513 2306 1637 2331 metum

312 2343 426 2376 Madv.
456 2346 560 2385 (quod
586 2346 682 2376 malit
708 2346 876 2378 Ziclinslei)
1025 2346 1062 2374 18
1097 2345 1221 2375 iecerat
1248 2344 1357 2375 Er11.:
1393 2344 1520 2375 fecerat
1547 2344 1635 2376 codd.

315 2399 353 2427 19
378 2394 411 2418 ut
430 2389 557 2427 cogitet
573 2389 681 2419 Halm
771 2400 812 2419 20
838 2390 878 2419 iis
890 2388 1040 2419 P2Hall.
1059 2399 1066 2419 ε
1091 2388 1119 2419 is
1130 2387 1203 2418 Pk:
1229 2388 1282 2417 his
1291 2386 1340 2418 Bc
1413 2398 1450 2418 se
1468 2398 1533 2419 om.
1545 2387 1634 2419 codd.

311 2442 349 2469 31
378 2432 485 2462 senati
501 2432 565 2462 PB
581 2444 586 2463 :
611 2437 749 2463 senatus
768 2433 829 2464 rcll.
