1774 2782
103 861 140 881 10

100 1513 138 1534 20

98 2160 138 2190 30

256 150 329 186 DE
365 150 528 187 DOMO
560 150 661 187 SVA
693 150 769 186 AI)
803 151 1137 189 PONTIFICES
1168 153 1385 190 ORATIO
1437 162 1489 198 45

163 261 361 312 impulisti,
384 276 492 301 soror
519 261 676 312 rogavit,
701 270 823 300 mater
849 261 988 311 coegit.
1048 263 1191 300 Videte
1219 262 1342 312 igitur,
1367 264 1488 313 ponti-

163 328 266 373 fices,
304 327 398 376 quid
434 327 610 365 statuatis
650 328 688 364 in
730 340 816 365 mea
854 340 972 364 causa
1005 328 1055 365 de
1090 326 1266 364 omnium
1303 329 1488 366 fortunis:

163 391 335 430 verbone
366 391 562 441 pontificis
592 390 746 441 putetis,
771 390 800 429 si
832 390 863 428 is
893 399 1045 441 postem
1078 391 1244 430 tenuerit
1274 399 1311 430 et
1341 393 1490 442 aliquid

164 455 313 503 dixerit,
345 457 508 494 domum
540 457 654 494 unius
684 457 876 506 cuiusque
910 457 1127 494 consecrari
1157 470 1283 506 posse,
1315 470 1364 494 an
1396 457 1490 495 istae

164 520 434 559 dedicationes
473 529 511 559 et
550 522 785 571 templorum
826 529 863 558 et
902 520 1155 558 delubrorum
1197 521 1401 570 religiones
1439 523 1489 559 ad

164 586 352 623 honorem
383 587 545 623 deorum
575 585 854 623 immortalium
883 584 966 623 sine
994 587 1072 623 ulla
1098 585 1241 623 civium
1269 586 1489 625 calamitate

159 663 181 687 a
203 649 416 688 maioribus
438 650 577 688 nostris
597 651 833 688 constitutae
861 649 949 688 sint.
1010 651 1079 688 Est
1101 651 1281 689 inventus
1310 651 1489 689 tribunus

159 715 285 764 plebis
330 716 408 764 qui,
450 714 721 753 consularibus
767 715 889 765 copiis
929 716 1150 760 instructus,
1192 717 1299 753 omni
1340 715 1487 766 impetu

160 779 296 818 suroris
332 779 371 817 in
406 793 495 818 eum
536 781 661 818 civem
697 779 856 817 inruerit
895 793 1013 829 quem
1050 780 1270 828 perculsum
1313 780 1396 830 ipsa
1430 795 1488 819 res

160 843 317 894 publica
337 843 415 882 suis
439 844 620 882 manibus
646 845 855 882 extolleret.
900 845 1038 892 Quid?
1077 845 1105 882 si
1135 846 1200 894 qui
1223 845 1357 883 similis
1379 845 1488 883 istius

159 921 342 958 —neque
363 908 468 947 enim
491 908 566 946 iam
589 909 753 947 deerunt
782 908 847 957 qui
873 908 1012 946 imitari
1036 908 1382 959 velint—aliquem
1412 911 1486 949 mei

159 973 402 1020 dissimilem,
434 973 495 1011 cui
530 987 588 1011 res
624 974 782 1023 publica
817 986 896 1011 non
933 981 1085 1011 tantum
1121 973 1274 1021 debeat,
1309 988 1375 1024 per
1410 975 1485 1012 vim

159 1038 363 1081 adflixerit,
393 1039 558 1076 domum
594 1037 676 1076 eius
707 1052 775 1088 per
809 1038 1035 1088 pontificem
1068 1039 1316 1087 dedicaverit,
1350 1039 1388 1079 id
1419 1054 1487 1078 vos

160 1102 233 1140 ista
258 1104 489 1141 auctoritate
516 1102 761 1141 constituetis
789 1111 914 1141 ratum
944 1117 1028 1142 esse
1056 1107 1265 1154 oportere?
1324 1104 1487 1144 Dicitis:

162 1170 314 1216 ‘Quem
337 1168 501 1218 reperiet
529 1169 810 1218 pontificem?’
867 1168 1005 1218 Quid?
1050 1169 1223 1219 pontifex
1250 1177 1287 1207 et
1308 1169 1487 1208 tribunus

158 1233 284 1283 plebis
315 1232 419 1271 idem
450 1247 534 1272 esse
565 1246 644 1272 non
675 1235 833 1282 potest?
891 1235 946 1271 M.
974 1235 1136 1279 Drusus,
1161 1235 1223 1273 ille
1252 1234 1487 1273 clarissimus

159 1298 224 1345 vir,
247 1299 426 1337 tribunus
446 1299 583 1349 plebis,
606 1298 782 1348 pontifex
802 1300 884 1336 fuit.
945 1300 1049 1349 Ergo
1077 1298 1106 1336 si
1136 1298 1166 1336 is
1188 1300 1236 1347 Q.
1261 1299 1485 1349 Caepionis,

159 1364 305 1402 inimici
327 1363 397 1412 sui,
417 1372 568 1414 postem
590 1365 748 1402 aedium
769 1363 958 1402 tenuisset
979 1371 1016 1402 et
1038 1377 1163 1413 pauca
1183 1363 1301 1402 verba
1318 1364 1484 1412 fecisset,

157 1430 276 1468 aedes
298 1427 511 1479 Caepionis
532 1437 661 1467 essent
689 1428 924 1467 dedicatae?
982 1427 1091 1466 Nihil
1119 1429 1259 1477 loquor
1286 1429 1335 1467 de
1364 1431 1487 1478 ponti-

161 1493 248 1532 ficio
262 1493 354 1539 iure,
370 1492 466 1531 nihil
483 1495 533 1532 de
548 1493 666 1543 ipsius
680 1493 807 1531 verbis
822 1491 1094 1539 dedicationis,
1109 1491 1205 1530 nihil
1222 1493 1272 1531 de
1289 1493 1486 1543 religione,

159 1558 431 1606 caerimoniis;
474 1572 553 1597 non
584 1558 789 1596 dissimulo
821 1571 882 1595 me
910 1557 1059 1596 nescire
1087 1570 1134 1595 ea
1168 1571 1279 1607 quae,
1312 1560 1430 1597 etiam
1456 1561 1486 1598 si

158 1624 308 1671 scirem,
327 1623 626 1670 dissimularem,
645 1636 694 1662 ne
713 1624 799 1661 aliis
817 1624 1015 1670 molestus,
1040 1621 1152 1660 vobis
1173 1622 1289 1660 etiam
1311 1623 1486 1662 curiosus

158 1689 332 1736 viderer,
362 1690 432 1727 etsi
455 1689 617 1727 effluunt
640 1690 761 1726 multa
788 1701 833 1726 ex
857 1695 980 1726 vestra
1007 1686 1214 1737 disciplina
1241 1701 1341 1737 quae
1369 1688 1485 1727 etiam

158 1755 208 1792 ad
231 1762 381 1792 nostras
401 1755 503 1792 auris
525 1767 641 1803 saepe
662 1761 905 1803 permanant.
950 1754 1107 1790 Postem
1130 1753 1251 1790 teneri
1273 1752 1311 1790 in
1333 1753 1487 1792 dedica-

160 1818 266 1857 tione
297 1827 476 1869 oportere
505 1819 639 1857 videor
673 1818 828 1857 audisse
858 1817 1019 1868 templi3
1059 1817 1111 1855 ibi
1142 1816 1246 1856 enim
1277 1818 1398 1868 postis
1429 1826 1487 1857 est

160 1882 226 1920 ubi
267 1883 400 1933 templi
436 1885 564 1922 aditus
600 1891 637 1921 et
670 1884 813 1921 valvae.
883 1881 1176 1920 Ambulationis
1211 1882 1333 1931 postis
1368 1896 1486 1922 nemo

158 1961 344 1997 umquam
368 1950 492 1986 tenuit
514 1950 551 1986 in
573 1948 822 1995 dedicando3
851 1947 1100 1986 simulacrum
1128 1955 1259 1985 autem
1287 1956 1353 1985 aut
1380 1962 1486 1986 aram

158 2013 187 2049 si
210 2013 413 2060 dedicasti,
437 2014 520 2051 sine
541 2013 728 2063 religione
749 2014 838 2051 loco
860 2013 1005 2050 moveri
1027 2019 1166 2061 potest.
1214 2013 1291 2050 Sed
1314 2012 1389 2050 iam
1411 2014 1487 2051 hoc

157 2078 288 2117 dicere
310 2078 377 2116 tibi
401 2091 479 2116 non
501 2078 645 2125 licebit,
669 2078 855 2128 quoniam
879 2076 1106 2127 pontificem
1136 2084 1288 2126 postem
1315 2077 1487 2117 tenuisse

158 2142 298 2181 dixisti.

206 2257 239 2277 11
267 2247 410 2287 aliquem
429 2246 517 2278 codd.
532 2250 663 2287 praeIer
678 2247 716 2277 P·
738 2246 868 2286 (quem)
990 2255 1027 2283 14
1054 2245 1173 2276 Dicitis
1190 2245 1377 2287 Angelius:
1403 2246 1486 2277 dicis

161 2290 248 2322 codd.
365 2300 402 2329 15
428 2292 576 2330 repperit
593 2290 731 2321 P¹HGz
765 2289 955 2330 reppererit
974 2289 1037 2320 rell.
1116 2289 1269 2328 pontifex
1295 2295 1328 2320 et
1352 2290 1425 2321 trib.
1451 2295 1486 2320 ut

161 2335 238 2364 coni.
259 2333 346 2364 Bait.
373 2338 420 2372 (et
446 2340 538 2373 pont.
565 2340 598 2365 et
623 2334 716 2371 trib.)
745 2336 789 2364 ita
813 2338 845 2364 t:
880 2333 1030 2372 pontifex
1057 2344 1121 2363 om.
1150 2332 1216 2363 rell.
1330 2343 1372 2364 20
1404 2334 1485 2372 ipsis

162 2377 270 2406 Halm
389 2388 425 2408 21
462 2384 494 2408 et
519 2379 654 2408 caerim.
682 2378 800 2408 Lamb.
820 2388 826 2406 ε
859 2378 899 2407 de
925 2376 1060 2406 caerim.
1082 2375 1190 2406 Halm
1324 2378 1366 2407 26
1390 2384 1423 2407 et
1444 2378 1484 2407 k:

163 2425 213 2450 cst
231 2420 294 2450 rell.
313 2432 318 2451 :
345 2427 396 2452 est
414 2427 446 2452 et
464 2422 552 2462 vulg.
576 2426 664 2461 [sunt
683 2427 715 2452 et
732 2420 854 2459 Halm)
1359 2463 1397 2493 6*

1515 163 1570 191 118

1514 282 1570 313 ¹¹¹)

1509 817 1564 864 46

1512 885 1572 907 120

1513 1442 1565 1464 121
