1774 2782
264 148 346 174 102

269 452 308 482 25

265 1423 302 1453 26

354 152 370 182 4
696 136 753 171 M.
784 134 951 170 TVLLI
984 132 1290 170 CICERONIS

329 244 507 292 mulgasti
530 240 763 280 constituisti
786 239 996 290 promisisti
1018 239 1229 277 vendidisti
1257 240 1425 289 perferre
1445 238 1648 289 potuisses,

328 308 439 357 ecqui
476 309 584 344 locus
617 306 701 344 orbi
738 314 922 343 terrarum
961 317 1107 341 vacuus
1137 303 1448 342 extraordinariis
1483 302 1652 341 fascibus

328 380 444 420 atque
466 371 630 420 imperio
653 369 851 408 Clodiano
872 368 1036 407 fuisset?

383 437 459 474 Sed
499 435 687 474 excitatus
721 434 934 484 aliquando
975 434 1047 472 Cn.
1086 433 1436 484 Pompei—dicam
1470 434 1556 484 ipso
1589 447 1653 472 au-

328 501 459 539 diente
480 502 587 550 quod
615 500 716 538 sensi
743 507 779 537 et
804 499 942 546 sentio,
966 512 1128 549 quoquo
1151 498 1285 538 animo
1311 499 1513 537 auditurus
1542 506 1653 537 est—
1674 514 1690 545 5

327 566 525 613 excitatus,
555 566 726 615 inquam,
760 564 975 614 aliquando
1005 565 1077 602 Cn.
1113 564 1276 614 Pompei
1307 564 1471 601 nimium
1502 563 1569 602 diu
1600 578 1652 602 re-

326 633 508 670 conditus
530 639 566 669 et
584 631 738 680 penitus
759 631 960 667 abstrusus
976 629 1097 667 animi
1118 631 1231 667 dolor
1251 629 1432 667 subvenit
1453 629 1583 668 subito
1600 630 1652 667 rei

327 697 517 746 publicae,
542 696 820 744 civitatemque
845 696 1005 732 fractam
1033 694 1156 740 malis,
1179 694 1426 732 imminutam
1448 708 1492 733 ac
1517 694 1652 733 debili-

325 769 458 805 tatam,
474 761 666 798 abiectam
690 768 796 798 metu
817 761 867 798 ad
887 760 1059 809 aliquam
1081 773 1191 809 spem
1207 759 1394 797 libertatis
1414 767 1452 797 et
1469 759 1652 809 pristinae

325 826 523 876 dignitatis
555 825 683 864 erexit.
746 825 824 862 Hic
856 825 912 861 vir
946 832 1052 862 extra
1083 824 1261 862 ordinem
1292 826 1344 862 rei
1380 824 1651 862 frumentariae
1674 841 1712 863 10

324 892 608 942 praeficiendus
634 905 712 928 non
735 892 835 928 fuit?
893 890 1049 928 Scilicet
1079 898 1119 927 tu
1145 889 1319 927 helluoni
1347 889 1650 940 spurcatissimo,

325 956 602 1006 praegustatori
624 956 833 993 libidinum
863 963 1028 1001 tuarum,
1052 954 1202 992 homini
1231 954 1482 1004 egentissimo
1506 961 1545 993 et
1564 954 1653 993 faci-

325 1022 585 1067 nerosissimo,
609 1023 693 1059 Sex.
719 1021 874 1067 Clodio,
899 1021 1007 1058 socio
1029 1020 1083 1058 tui
1111 1020 1320 1070 sanguiniS‚
1344 1020 1409 1070 qui
1431 1033 1502 1059 sua
1521 1019 1653 1070 lingua

323 1087 439 1125 ctiam
462 1100 632 1124 sororem
659 1094 764 1124 tuam
787 1100 809 1123 a
830 1094 868 1123 te
896 1085 1142 1132 abalienavit,
1167 1098 1285 1123 omne
1313 1086 1551 1124 frumentum
1580 1084 1652 1135 pri-

323 1160 452 1189 vatum
486 1160 522 1189 et
555 1151 769 1201 publicum,
800 1152 928 1189 omnis
960 1151 1179 1200 provincias
1210 1150 1490 1198 frumentarias,
1523 1150 1650 1188 omnis
1673 1164 1710 1197 15

323 1216 532 1266 mancipes,
564 1215 691 1253 omnis
721 1217 948 1254 horreorum
975 1216 1094 1253 clavis
1122 1217 1206 1265 lege
1231 1223 1297 1253 tua
1327 1214 1547 1263 tradidisti3
1574 1228 1652 1265 qua

322 1295 367 1319 ex
388 1283 471 1330 lege
492 1280 659 1330 primum
677 1281 815 1318 caritas
838 1289 928 1318 nata
949 1289 1017 1327 est,
1037 1280 1183 1319 deinde
1204 1280 1346 1330 inopia.
1389 1280 1652 1330 Impendebat

323 1349 454 1394 fames,
478 1346 670 1393 incendia,
690 1348 844 1393 caedes,
866 1346 1034 1396 direptio
1052 1362 1058 1384 z
1087 1346 1318 1384 imminebat
1338 1353 1428 1384 tuus
1449 1347 1553 1384 furor
1572 1359 1651 1383 om-

324 1412 430 1449 nium
454 1412 616 1449 fortunis
638 1420 675 1450 et
697 1412 824 1450 bonis.
876 1412 1062 1460 Queritur
1083 1411 1199 1449 etiam
1222 1411 1446 1461 importuna
1466 1411 1584 1462 pestis
1605 1425 1651 1449 ex

323 1491 387 1515 ore
409 1477 671 1527 impurissimo
694 1480 778 1515 Sex:
804 1477 919 1516 Clodi
942 1491 1022 1514 rem
1046 1477 1336 1514 frumentariam
1358 1491 1443 1515 esse
1464 1485 1647 1526 ereptam,
1672 1490 1712 1512 20

322 1542 563 1591 summisque
590 1542 628 1579 in
665 1542 846 1592 periculis
877 1542 960 1580 eius
993 1542 1060 1579 viri
1096 1541 1281 1579 auxilium
1313 1541 1539 1591 implorasse
1570 1555 1649 1579 rem

322 1608 517 1657 publicam
543 1622 564 1644 a
586 1622 665 1657 quo
695 1622 810 1657 saepe
839 1622 879 1645 se
908 1615 944 1645 et
973 1615 1163 1644 servatam
1195 1615 1232 1644 et
1259 1607 1537 1656 amplificatam
1566 1620 1651 1644 esse

322 1673 578 1710 meminisset!
626 1675 743 1710 Extra
761 1673 938 1710 ordinem
957 1672 1042 1710 ferri
1065 1672 1160 1709 nihil
1178 1674 1305 1721 placet
1322 1672 1476 1711 Clodio.
1519 1671 1651 1720 Quid?

321 1739 370 1774 de
395 1751 456 1775 me
483 1739 590 1787 quod
619 1739 752 1775 tulisse
775 1746 812 1775 te
837 1738 945 1783 dicis,
970 1737 1171 1787 patricida,
1196 1736 1401 1784 fratricida,
1425 1736 1648 1785 sororicida,

321 1815 452 1839 nonne
480 1810 583 1839 extra
612 1804 790 1840 ordinem
820 1803 971 1840 tulisti?
1028 1804 1091 1839 An
1120 1803 1170 1840 de
1195 1810 1304 1852 peste
1331 1801 1436 1850 civis,
1459 1815 1577 1852 quem
1598 1803 1649 1840 acl
1670 1814 1710 1847 25

322 1868 481 1903 modum
509 1881 645 1905 omnes
674 1867 749 1905 iam
779 1868 819 1905 di
843 1876 961 1917 atque
986 1867 1167 1905 homines
1193 1867 1424 1914 iudicarunt,
1450 1881 1650 1906 conserva-

321 1931 412 1968 toris
440 1932 491 1969 rei
525 1933 720 1981 publicae,
747 1947 864 1982 quem
897 1935 947 1971 ad
980 1934 1143 1970 modum
1172 1940 1303 1970 autem
1335 1940 1416 1970 tute
1447 1932 1528 1982 ipse
1559 1947 1649 1971 con-

321 1996 448 2042 fiteris,
473 2011 550 2034 non
585 2000 705 2035 modo
731 1998 949 2036 indemnati
976 1999 1044 2036 sed
1070 2012 1119 2036 ne
1146 1997 1316 2035 accusati
1346 1997 1518 2047 quidem,
1542 1998 1648 2036 licuit

321 2060 388 2097 tibi
430 2062 524 2098 ferre
566 2076 645 2099 non
691 2064 815 2112 legem
856 2064 924 2100 sed
965 2063 1155 2100 nefarium
1196 2062 1454 2112 privilegium>
1492 2064 1648 2111 lugente

364 2181 382 2199 2
400 2171 494 2208 ecqui
508 2170 615 2199 flalm
634 2182 640 2200 ε
658 2171 716 2200 sed
728 2172 782 2209 qui
797 2170 884 2201 codd.
897 2172 966 2209 (qui
979 2171 1050 2200 Hki
1129 2181 1147 2208 5
1173 2172 1284 2200 animo
1303 2171 1402 2200 modo
1419 2170 1507 2201 codd.
1523 2175 1650 2210 praeter

322 2213 439 2251 lll(an.
464 2214 554 2245 meo]
566 2213 597 2241 [1²
615 2214 670 2243 all.
693 2224 762 2252 gan.
789 2225 840 2244 me
859 2218 886 2243 et
901 2215 946 2244 ila
963 2214 1011 2245 ed.
1034 2214 1087 2253 V.)
1260 2215 1279 2243 3
1303 2214 1510 2244 imminutam
1536 2214 1572 2246 F.
1596 2213 1646 2245 W.

321 2256 489 2287 Schmidt:
509 2261 667 2286 mutatam
687 2257 776 2288 codd.
796 2269 802 2287 ε
832 2263 955 2288 mutam
974 2257 1165 2297 Naugerms
1185 2257 1253 2297 (1):
1280 2257 1462 2287 mutilatam
1481 2258 1648 2297 Angelius

324 2310 361 2329 12
380 2300 517 2330 facinor.
533 2299 647 2330 PBHt
738 2311 773 2339 17
793 2302 922 2340 exlege
937 2301 1045 2330 Halm
1062 2313 1068 2330 ε
1094 2301 1192 2339 exige
1209 2301 1251 2330 Pl
1269 2312 1275 2330 z
1301 2312 1341 2330 cx
1363 2311 1398 2330 re
1413 2300 1445 2329 Β
1466 2301 1529 2331 tell.
1584 2301 1647 2330 Im-

322 2344 488 2381 pendebat
503 2343 554 2372 Ht
566 2344 621 2373 all.
639 2355 644 2372 z
673 2344 874 2382 impediebat
890 2344 1066 2384 (ianPG
1156 2355 1195 2382 23
1220 2343 1362 2374 Clodio?
1382 2343 1520 2373 Mueller
1606 2355 1644 2382 24

322 2387 489 2425 parricida
503 2386 565 2415 PB
582 2391 609 2416 et
619 2387 720 2435 μεν.)
791 2387 961 2417 fratricida
980 2398 1044 2418 om.
1067 2387 1137 2417 GM
1197 2387 1289 2417 fratr.
1311 2397 1419 2417 soror.
1440 2387 1497 2417 dcl.
1518 2387 1632 2427 Lange
