1774 2782
274 136 302 171 6

277 381 300 420 7

265 640 304 672 16

266 1289 303 1322 ¹7

688 130 742 166 M.
774 127 941 165 TVLLI
973 125 1279 164 CICERONIS

325 150 360 179 15

319 248 601 280 commutatam
628 251 827 277 annonam
856 250 939 274 esse
966 235 1176 281 dicebant;
1205 247 1306 283 quae
1333 232 1425 282 quia
1451 245 1581 269 rursus
1604 231 1642 268 in

320 319 408 343 meo
430 304 555 342 reditu
577 305 677 340 facta
705 309 784 340 erat
809 300 951 347 durior,
973 313 995 336 a
1016 313 1089 345 me,
1118 298 1227 336 cuius
1257 298 1429 335 adventu
1458 298 1538 334 sore
1566 296 1643 333 vili-

320 377 439 406 tatem
460 368 555 406 boni
575 367 645 404 viri
665 365 909 410 dictitabant,
936 377 1095 402 annona
1115 362 1369 411 flagitabatur.
1432 362 1517 410 Ego
1538 359 1643 398 deni-

320 448 395 483 que
424 447 504 470 non
529 434 656 470 solum
681 431 731 468 ab
757 429 884 480 operis
911 429 987 467 tuis
1015 429 1185 478 impulsu
1206 435 1275 465 tuo
1300 426 1544 472 nominabar,
1575 425 1644 462 sed

322 499 449 545 etiam,
479 497 651 548 depulsis
678 510 723 534 ac
750 494 946 544 dissipatis
975 494 1051 532 tuis
1071 493 1205 543 copiiS‚
1235 507 1257 530 a
1286 493 1434 541 populo
1460 493 1643 528 Romano
1665 496 1682 528 5

324 564 514 609 universo,
547 562 612 612 qui
644 570 727 599 tum
752 560 790 598 in
819 559 1058 609 Capitolium
1089 566 1335 603 convenerat,
1366 571 1456 594 cum
1487 556 1552 593 illo
1580 555 1644 594 die

325 631 452 666 minus
482 630 660 673 valerem,
688 626 727 663 in
752 633 931 663 senatum
960 623 1191 661 nominatim
1220 623 1397 661 vocabar.
1457 621 1559 659 Veni
1585 635 1644 659 ex-

323 702 544 744 spectatus:
574 693 704 730 multis
734 690 811 728 iam
842 689 1044 728 sententiis
1070 689 1182 727 dictis
1207 696 1363 738 rogatus
1385 701 1471 726 sum
1493 694 1644 725 senten-

322 759 442 807 tiam3
483 758 560 796 dixi
594 757 648 795 rei
680 756 861 807 publicae
899 754 1203 801 saluberrimam,
1241 753 1337 791 mihi
1371 751 1641 790 necessariam.

324 824 532 860 Petebatur
562 836 584 860 a
620 835 682 859 me
716 818 899 858 frumenti
930 818 1054 867 copia,
1092 831 1274 856 annonae
1302 816 1451 856 vilitas:
1487 829 1643 866 possem
1667 829 1706 851 10

322 888 469 938 aliquid
492 888 530 924 in
551 901 597 925 ea
617 901 656 924 re
678 899 805 923 necne
831 884 930 923 ratio
951 897 1032 921 non
1053 883 1281 920 habebatur.
1338 881 1559 931 Flagitabar
1579 881 1646 918 bo-

323 966 461 991 norum
483 952 821 1001 expostulatione:
852 949 1121 998 improborum
1147 947 1323 985 convicia
1351 946 1540 984 sustinere
1565 959 1646 983 non

323 1026 508 1067 poteram.
571 1015 757 1065 Delegavi
784 1014 912 1052 amico
941 1012 1196 1062 locupletiori‚
1224 1026 1303 1050 non
1331 1024 1411 1061 quo
1438 1010 1491 1048 illi
1520 1010 1572 1048 ita
1596 1011 1647 1048 de

323 1097 386 1120 me
402 1081 540 1119 merito
556 1094 656 1119 onus
670 1080 766 1118 illud
781 1077 1377 1128 imponerem——succubuissem
1395 1076 1499 1114 enim
1517 1076 1646 1126 potius

324 1148 532 1197 ipse—sed
560 1146 651 1195 quia
676 1145 857 1182 videbam
887 1144 926 1182 id
954 1145 1062 1193 quod
1087 1156 1235 1188 omnes,
1268 1143 1377 1191 quod
1404 1155 1475 1179 nos
1500 1143 1550 1179 de
1571 1143 1645 1180 Cn.
1671 1155 1707 1186 15

326 1213 516 1262 Pompeio
536 1210 820 1260 polliceremur,
844 1209 883 1246 id
905 1208 1013 1245 illum
1036 1209 1113 1246 fide
1133 1207 1298 1245 consilio
1318 1207 1458 1245 virtute
1485 1206 1647 1244 auctori-

325 1286 403 1315 tate
435 1276 617 1314 felicitate
652 1274 824 1323 denique
857 1286 926 1311 sua
961 1273 1144 1310 facillime
1175 1273 1448 1321 perfecturum.
1508 1272 1647 1321 Itaque

326 1344 404 1379 sive
436 1342 540 1378 hunc
571 1340 611 1378 di
641 1339 879 1377 immortales
910 1339 1077 1375 fructum
1109 1337 1185 1375 mei
1215 1337 1361 1374 reditus
1391 1338 1540 1386 populo
1571 1338 1647 1373 Ro-

326 1420 443 1444 mano
465 1405 650 1452 tribuunt,
684 1412 736 1451 ut,
767 1417 885 1453 quem
915 1404 967 1441 ad
997 1403 1159 1440 modum
1181 1402 1356 1440 discessu
1384 1414 1474 1439 meo
1495 1402 1647 1451 frugum

325 1471 466 1521 inopia,
500 1472 632 1516 fames,
658 1469 825 1515 vastitas,
856 1469 1008 1514 caedes,
1036 1467 1228 1514 incendia,
1258 1467 1425 1517 rapinae,
1458 1468 1647 1504 scelerum
1671 1482 1708 1503 20

326 1536 547 1586 impunitas,
570 1537 671 1584 fuga,
695 1534 875 1580 formido,
894 1533 1091 1571 discordia
1111 1532 1256 1579 fuisset,
1275 1532 1329 1570 sic
1350 1532 1476 1570 reditu
1493 1531 1648 1569 ubertas

325 1615 515 1651 agrorum,
552 1602 706 1650 frugum
738 1599 862 1649 copia,
898 1612 986 1648 spes
1021 1598 1085 1644 oti,
1122 1598 1379 1647 tranquillitas
1414 1597 1645 1643 animorum,

326 1666 478 1712 iudicia,
509 1667 625 1715 leges,
651 1664 864 1702 concordia
892 1663 1036 1713 populi,
1067 1671 1224 1701 senatus
1253 1661 1462 1700 auctoritas
1493 1674 1648 1699 mecum

326 1731 440 1768 simul
460 1732 621 1768 reducta
643 1730 859 1775 videantur,
890 1728 969 1766 sive
996 1735 1151 1777 egomet
1177 1727 1325 1776 aliquid
1349 1727 1521 1764 adventu
1547 1739 1645 1772 meo,

326 1795 501 1842 consilio,
534 1795 774 1840 auctoritate,
815 1793 1015 1842 diligentia
1043 1807 1113 1843 pro
1143 1801 1251 1830 tanto
1287 1793 1481 1830 beneficio
1514 1791 1648 1840 populi
1672 1804 1708 1835 25

328 1862 499 1898 Romani
521 1868 716 1910 praestare
730 1859 850 1897 debui
869 1875 874 1897 :
907 1867 1072 1909 praesto,
1087 1858 1284 1908 promitto,
1303 1856 1649 1908 spondeo,—-—nihil

327 1925 417 1963 dico
446 1925 624 1975 amplius,
655 1926 730 1963 hoc
756 1925 865 1973 quod
890 1924 980 1962 satis
1011 1931 1068 1961 est
1098 1923 1189 1960 huic
1217 1924 1383 1972 tempori
1408 1922 1649 1968 dico,——-rem

329 1990 526 2039 publicam
556 2003 737 2027 annonae
767 1988 928 2026 nomine
958 1988 996 2025 in
1027 1988 1067 2025 id
1097 1988 1306 2026 discrimen
1335 2001 1414 2037 quo
1438 1987 1652 2026 vocabatur

285 2042 308 2077 8
329 2068 408 2091 non
436 2068 521 2092 esse
544 2062 759 2092 venturam.
819 2055 926 2091 Num
956 2053 1069 2102 igitur
1096 2053 1135 2089 in
1166 2054 1241 2091 hoc
1269 2053 1410 2099 officio,
1442 2053 1550 2102 quod
1580 2051 1651 2090 fuit

270 2102 307 2131 18

329 2119 535 2169 praecipue
556 2133 699 2165 meum,
723 2118 915 2156 sententia
937 2131 1023 2155 mea
1044 2117 1367 2167 reprehenditur?
1418 2119 1517 2155 Rem
1535 2116 1651 2154 maxi·
1671 2129 1712 2160 30

374 2245 385 2264 1
397 2245 407 2263 1
437 2234 467 2262 in
489 2244 527 2263 ea
545 2244 580 2263 re
599 2243 706 2262 necne
724 2233 807 2262 ratio
826 2236 862 2262 ut
878 2231 957 2262 coni.
981 2232 1091 2262 Garat.
1109 2233 1153 2262 ita
1167 2236 1196 2262 l:
1217 2233 1249 2261 in
1262 2243 1300 2261 ea
1315 2232 1529 2270 regeneratio
1541 2231 1628 2262 ΡΒΣ
1643 2243 1650 2262 :

328 2278 359 2307 in
378 2288 417 2306 ea
434 2288 469 2306 re
487 2301 494 2308 .
517 2300 524 2308 .
545 2301 551 2307 .
571 2276 654 2306 ratio
675 2275 702 2305 G
719 2287 724 2305 :
751 2277 782 2305 in
801 2286 841 2306 ea
859 2286 894 2305 re
912 2277 1060 2314 gerenda
1078 2275 1165 2306 Hbs*
1272 2285 1310 2313 19
1334 2276 1519 2304 tribuerunt
1536 2273 1651 2313 Lange

328 2332 367 2359 24
392 2320 547 2350 videatur
561 2319 589 2349 G
660 2329 734 2348 meo
745 2319 887 2348 consilio
899 2319 1100 2348 auctoritate
1113 2329 1139 2349 s.
1155 2319 1175 2347 l.
1190 2318 1234 2347 Ρ2
1316 2329 1355 2356 25
1375 2318 1490 2356 populi
1506 2317 1647 2347 Romani

328 2363 474 2394 bLamb.
496 2374 501 2392 :
526 2373 559 2392 —o
572 2373 604 2392 -ο
619 2362 697 2393 Hk:
723 2372 753 2401 p.
772 2372 795 2392 Γ.
815 2366 875 2392 ant
893 2371 947 2392 PR.
969 2361 1057 2392 codd.
1074 2362 1153 2401 pler.
1212 2364 1251 2391 28
1277 2372 1343 2400 quo
1361 2361 1400 2391 G¹
1417 2372 1424 2391 t
1441 2361 1530 2399 quod
1542 2360 1648 2391 Prell=
