1774 2782
265 143 308 178 14
331 141 366 170 31
697 126 752 161 M.
785 124 951 160 TVLLI
984 122 1291 162 CICERONIS

331 248 392 272 me
433 248 510 271 non
552 233 645 271 nulli
687 232 878 282 pertinere
924 231 1248 280 magmentarium
1288 231 1454 269 Telluris
1493 229 1651 279 aperire.

331 300 467 346 Nuper
491 298 530 334 id
560 296 731 346 patuisse
759 296 910 343 dicunt,
931 303 969 333 et
996 309 1069 343 ego
1100 297 1291 333 recordor.
1353 297 1469 333 Nunc
1498 294 1655 333 sanctis-

330 362 467 399 simam
491 369 639 410 partem
668 374 712 397 ac
741 361 875 398 sedem
905 359 1097 397 maximae
1124 360 1319 409 religionis
1342 360 1490 410 privato
1519 359 1654 397 dicunt

330 426 523 463 vestibulo
545 425 746 463 contineri.
790 426 918 462 Multa
935 438 998 462 me
1015 433 1173 462 movent
1191 441 1196 463 :
1227 426 1334 474 quod
1351 426 1468 463 aedes
1489 424 1655 462 Telluris

331 499 387 528 est
409 490 620 528 curationis
638 505 758 537 meae,
778 491 885 540 quod
908 489 938 527 is
959 489 1025 539 qui
1043 489 1139 527 illud
1157 489 1480 539 magmentarium
1503 489 1655 527 sustulit
1675 505 1692 536 5

333 570 419 593 mea
450 557 572 593 domo
604 556 837 604 pontificum
873 554 1020 592 iudicio
1054 554 1217 592 liberata
1248 556 1465 592 secundum
1501 555 1654 592 fratrem

331 635 443 658 suum
466 619 681 658 iudicatum
704 633 788 657 esse
816 619 971 657 dicebat
990 633 999 666 3
1030 627 1160 657 movet
1183 632 1245 657 me
1273 619 1389 657 etiam
1412 619 1449 656 in
1471 619 1544 656 hac
1565 618 1657 656 cari-

330 693 407 723 tate
446 698 637 731 annonae,
679 683 878 722 sterilitate
921 697 1112 733 agrorum,
1154 683 1288 734 inopia
1332 685 1483 733 frugum
1523 683 1656 734 religio

329 750 507 797 Telluris,
532 758 569 788 et
597 764 644 788 eo
673 751 794 799 magis
825 751 933 799 quod
964 750 1105 787 eodem
1137 757 1293 788 ostento
1323 749 1468 787 Telluri
1500 749 1656 799 postilio

270 832 307 860 32
329 815 462 853 deberi
491 815 644 853 dicitur.
703 817 846 853 Vetera
874 816 1035 853 sortasse
1064 814 1285 864 loquimur3
1316 827 1553 863 quamquam
1581 815 1656 852 hoc
1679 832 1717 853 10

329 880 357 917 si
396 880 524 917 minus·
559 880 661 917 civili
697 879 778 918 iure
810 879 1067 929 perscriptum
1101 887 1170 925 est,
1204 880 1288 928 lege
1319 887 1450 917 tamen
1482 886 1654 926 naturae,

329 945 530 983 communi
554 945 634 982 iure
660 944 835 993 gentium
865 952 1043 982 sanctum
1073 952 1130 982 est
1159 952 1200 981 ut
1228 943 1323 981 nihil
1353 945 1534 982 mortales
1554 957 1576 981 a
1597 943 1656 982 dis

267 1018 310 1056 15
330 1010 615 1048 immortalibus
650 1023 722 1047 usu
755 1023 893 1058 capere
928 1009 1090 1059 possint.
1147 1011 1295 1046 Verum
1332 1016 1463 1046 tamen
1497 1008 1658 1058 antiqua

328 1074 571 1125 neglegimus
588 1090 594 1112 :
620 1074 790 1112 etiamne
806 1087 852 1111 ea
869 1075 1120 1123 neglegemus
1135 1087 1236 1124 quae
1255 1075 1351 1111 fiunt
1368 1087 1457 1111 cum
1477 1073 1654 1120 maxime,

328 1154 429 1189 quae
465 1139 673 1177 videmus?
742 1141 785 1176 L.
818 1139 1002 1176 Pisonem
1039 1139 1126 1188 quis
1161 1139 1285 1177 nescit
1320 1138 1379 1176 his
1415 1139 1656 1189 temporibus
1680 1156 1715 1188 ¹5

328 1204 420 1255 ipsis
435 1205 648 1242 maximum
665 1212 701 1242 et
716 1203 1005 1242 sanctissimum
1025 1204 1178 1242 Dianae
1195 1205 1382 1242 sacellum
1400 1204 1438 1241 in
1455 1204 1657 1243 Caeliculo

328 1271 559 1308 sustulisse?
616 1271 774 1308 Adsunt
804 1269 919 1307 vicini
952 1270 1035 1308 eius
1065 1270 1166 1317 loci3
1208 1269 1319 1308 multi
1349 1277 1439 1308 sunt
1469 1269 1586 1308 etiam
1617 1270 1656 1308 in

329 1337 403 1373 hoc
425 1335 563 1373 ordine
585 1336 650 1384 qui
679 1334 867 1372 sacrificia
893 1335 1090 1385 gentilicia
1118 1335 1185 1373 illo
1212 1335 1298 1385 ipso
1323 1335 1361 1373 in
1390 1337 1535 1374 sacello
1555 1343 1657 1374 stato

330 1402 417 1438 loco
446 1400 707 1438 anniversaria
735 1400 954 1438 factitarint.
1015 1402 1065 1438 Et
1093 1402 1316 1451 quaerimus
1345 1401 1384 1440 di
1416 1401 1656 1440 immortales

329 1480 429 1515 quae
460 1468 545 1504 loca
575 1465 810 1511 desiderent,
841 1466 936 1515 quid
966 1466 1197 1516 significent,
1227 1468 1278 1505 de
1307 1480 1388 1517 quo
1416 1469 1656 1517 loquantur?
1677 1481 1717 1503 20

328 1534 362 1568 A
385 1533 470 1569 Sex.
492 1533 658 1569 Serrano
679 1531 924 1568 sanctissima
945 1533 1086 1570 sacella
1107 1533 1283 1579 suffossa,
1306 1532 1567 1579 inaedificata,
1590 1545 1655 1582 op-

329 1611 469 1646 pressa,
494 1610 647 1634 summa
668 1595 841 1645 denique
869 1597 1111 1646 turpitudine
1132 1599 1289 1636 foedata
1317 1612 1402 1637 esse
1430 1598 1656 1636 nescimus?

270 1678 306 1708 33
329 1665 389 1699 'su
413 1675 540 1700 meam
563 1663 725 1699 domum
750 1661 966 1711 religiosam
990 1664 1115 1701 facere
1137 1663 1327 1713 potuisti?
1385 1664 1476 1712 Qua
1497 1664 1657 1701 mente?

329 1741 446 1777 quam
467 1726 662 1764 amiseras.
723 1728 813 1775 Qua
835 1729 983 1764 manu?
1014 1742 1091 1777 qua
1113 1729 1360 1767 disturbaras.
1421 1730 1511 1777 Qua
1532 1729 1657 1766 voce?

330 1807 407 1842 qua
431 1792 587 1830 incendi
617 1792 792 1830 iusseras.
851 1794 942 1841 Qua
971 1795 1085 1843 lege?
1114 1808 1232 1844 quam
1261 1809 1310 1833 ne
1337 1794 1375 1832 in
1404 1795 1467 1832 illa
1494 1794 1654 1844 quidem
1678 1810 1714 1841 ²5

330 1857 562 1908 impunitate
584 1866 649 1895 tua
670 1858 887 1907 scripseras.
951 1861 1044 1908 Quo
1065 1860 1285 1910 pulvinari?
1314 1861 1422 1909 quod
1448 1867 1653 1909 stupraras.

331 1925 423 1971 Quo
454 1922 690 1960 simulacro?
739 1925 846 1972 quod
877 1933 1054 1974 ereptum
1086 1940 1131 1963 ex
1167 1925 1378 1963 meretricis
1408 1927 1587 1974 sepulcro
1615 1926 1655 1962 in

330 1987 572 2036 imperatoris
590 1997 851 2027 monumento
865 1992 1103 2029 conlocaras.
1148 1991 1256 2039 Quid
1275 1992 1393 2028 habet
1412 2004 1498 2028 mea
1513 1991 1655 2029 domus

330 2052 495 2102 religiosi
518 2052 590 2090 nisi
613 2056 721 2104 quod
743 2055 883 2105 impuri
906 2064 943 2094 et
965 2056 1137 2106 sacrilegi
1164 2056 1350 2106 parietem
1372 2055 1524 2104 tangit?
1583 2056 1656 2092 Ita-

377 2166 387 2185 1
418 2159 698 2194 magmentarium
712 2159 870 2189 Momms.
889 2172 895 2190 ε
921 2159 1161 2190 acmentarium
1176 2156 1653 2198 Prcll.p1·aeterMb2k(arma-

330 2200 544 2239 mentarium)
624 2203 644 2231 6
661 2207 745 2241 pont
768 2203 889 2233 iudicio
902 2203 1047 2234 HMbs‘:
1067 2203 1132 2232 iud.
1147 2213 1211 2233 om.
1226 2202 1288 2232 rell.
1303 2201 1442 2239 (iudicio
1457 2202 1653 2238 pontificum

330 2243 506 2282 Momma)
617 2256 653 2283 14
679 2245 891 2285 neglegimus
908 2247 953 2284 H,
972 2247 1108 2285 -igimus
1127 2245 1214 2283 Mbk,
1235 2255 1386 2283 -egemus
1402 2243 1485 2275 PG:
1510 2245 1656 2283 —igemus

330 2286 434 2325 BEw,
461 2298 616 2326 -egamus
639 2293 657 2326 t,
688 2293 724 2319 nt
743 2290 824 2321 conl.
844 2289 954 2320 Muell.
975 2302 980 2320 :
1008 2290 1083 2322 ibid.
1109 2289 1329 2328 neglegemus
1352 2287 1484 2318 P²GH2
1513 2288 1655 2326 -igemus

330 2330 396 2360 Bkt
412 2330 466 2362 all.
484 2343 490 2362 z
514 2343 665 2370 -egamus
683 2332 724 2362 Pl
833 2335 870 2363 18
895 2338 981 2363 stato
1001 2332 1094 2363 2³¹6:
1119 2337 1245 2363 statuto
1262 2331 1305 2362 Ρ2
1323 2332 1388 2362 rell.
1498 2341 1536 2370 19
1559 2332 1654 2361 anni·

330 2375 479 2405 versat-ia
491 2376 508 2405 b
525 2375 714 2416 Naugerius
728 2376 776 2413 (2)
792 2388 797 2408 :
826 2377 886 2407 -ari
900 2376 1033 2407 P1GH:
1062 2377 1135 2406 -arii
1149 2375 1234 2406 Blstk
1250 2375 1304 2406 all.
1398 2385 1436 2413 27
1462 2375 1494 2404 in
1510 2385 1572 2405 om.
1587 2375 1657 2404 Pet

325 2419 403 2450 oler.
428 2419 476 2461 (in
493 2421 598 2459 patris
616 2420 647 2449 b2
664 2420 708 2450 cd.
728 2420 785 2451 RQ
