1774 2782
226 124 267 162 15
292 130 333 160 34
658 114 714 149 M,
747 113 914 149 ἨΜΛ
948 111 1254 150 CICERONIS

291 239 382 263 vero
424 223 548 261 oratio
595 236 682 260 mea
724 223 774 259 ad
818 222 1096 259 infirmandum
1137 223 1276 260 foedus
1319 222 1616 271 Gaditanorum,

292 289 451 333 iudices,
476 287 669 337 pertinet,-
698 300 827 336 neque
856 288 959 325 enim
990 294 1046 324 est
1075 300 1206 324 meum
1229 294 1365 324 contra
1392 287 1450 325 ius
1472 288 1620 337 optime

293 353 452 392 meritae
474 352 651 398 civitatis,
671 360 807 390 contra
823 352 1051 401 opinionem
1069 351 1283 397 vetustatis,
1303 359 1438 390 contra
1458 352 1621 390 auctori-

292 426 412 456 tatem
434 426 592 456 senatus
614 417 756 455 dicere.
817 416 934 455 Duris
956 416 1061 455 enim
1083 418 1285 466 quondam
1308 416 1550 467 temporibus
1568 416 1620 455 rei

292 482 475 532 publicae
504 490 671 527 nostrae,
701 494 791 518 cum
823 489 1058 531 praepotens
1088 489 1188 519 terra
1218 481 1393 530 marique
1423 482 1621 531 Carthago
1641 492 1658 524 5

293 548 382 585 nixa
403 548 556 586 duabus
581 546 785 596 Hispaniis
810 548 901 584 huic
931 546 1095 596 imperio
1116 546 1348 593 immineret,
1372 554 1409 584 et
1430 559 1519 584 cum
1542 548 1622 585 duo

294 613 458 650 fulmina
474 613 593 650 nostri
612 611 747 661 imperi
767 611 898 649 subito
916 611 956 648 in
977 611 1182 660 Hispania,
1199 612 1271 650 Cn.
1288 618 1326 650 et
1348 613 1388 648 P.
1407 611 1620 661 Scipiones,

295 678 472 716 exstincti
505 677 754 722 occidissent,
788 679 831 714 L.
856 676 1040 723 Marcius,
1070 676 1183 726 primi
1215 675 1281 725 pili
1312 675 1499 722 centurio,
1532 689 1622 714 cum

296 743 500 781 Gaditanis
522 744 661 780 foedus
684 742 821 780 fecisse
837 741 988 780 dicitur.
1043 742 1165 790 Quod
1182 754 1272 779 cum
1289 742 1411 790 magis
1429 742 1506 779 fide
1523 741 1624 778 illius

295 808 441 858 populi,
465 808 611 846 iustitia
640 815 782 853 nostra,
806 814 999 845 vetustate
1029 805 1202 854 denique
1232 807 1314 855 ipsa
1344 819 1462 855 quam
1492 807 1624 855 aliquo
1648 818 1685 839 10

294 874 454 924 publico
484 873 642 911 vinculo
677 872 873 922 religionis
905 880 1112 918 teneretur,
1146 871 1341 921 sapientes
1376 870 1557 909 homines
1587 878 1625 909 ct

295 938 441 988 publici
478 938 569 975 iuris
605 937 728 987 periti,
767 936 965 984 Gaditani,
1000 939 1056 974 M.
1091 937 1245 986 Lepido
1281 938 1331 984 Q.
1362 936 1504 975 Catulo
1536 949 1625 973 con-

296 1004 446 1042 sulibus
473 1018 495 1041 a
523 1011 660 1041 senatu
688 1004 738 1040 de
769 1003 926 1040 foedere
952 1003 1259 1052 postulaverunt.
1319 1003 1422 1038 Tum
1452 1009 1510 1039 est
1535 1014 1625 1038 cum

296 1068 503 1107 Gaditanis
529 1069 667 1106 foedus
689 1069 748 1106 vel
777 1075 1007 1105 renovatum
1030 1068 1089 1105 vel
1120 1067 1266 1114 ictum3
1296 1067 1346 1104 de
1368 1079 1448 1115 quo
1469 1066 1626 1103 foedere

297 1135 466 1184 populus
503 1136 708 1171 Romanus
745 1132 981 1171 sententiam
1017 1145 1098 1171 non
1133 1133 1231 1179 tulit,
1269 1131 1335 1181 qui
1372 1130 1519 1168 iniussu
1555 1143 1627 1168 suo
1650 1143 1685 1175 15

238 1214 275 1244 35
298 1200 406 1237 nullo
428 1206 544 1248 pacto
572 1206 701 1248 potest
730 1198 916 1248 religione
942 1198 1116 1247 obligari.
1177 1198 1239 1235 Ita
1261 1196 1459 1235 Gaditana
1479 1195 1624 1242 civitas,

298 1266 405 1313 quod
436 1263 639 1302 beneficiis
668 1263 746 1301 suis
777 1277 866 1312 erga
896 1277 977 1301 rem
1007 1264 1205 1313 publicam
1235 1270 1406 1300 nostram
1438 1261 1625 1310 consequi

298 1329 435 1379 potuit,
459 1330 567 1378 quod
589 1329 867 1378 imperatorum
894 1328 1138 1375 testimoniis,
1163 1329 1271 1377 quod
1293 1333 1496 1372 vetustate,
1520 1327 1628 1375 quod

300 1397 348 1443 Q.
383 1394 523 1441 Catuli,
562 1393 705 1432 summi
741 1393 820 1439 viri,
854 1393 1096 1439 auctoritate,
1136 1394 1244 1442 quod
1277 1391 1422 1430 iudicio
1458 1399 1626 1437 senatus,

299 1461 406 1509 quod
440 1461 608 1505 foedere,
641 1466 853 1497 consecuta
884 1466 966 1506 θεῖς
1005 1460 1114 1508 quod
1145 1457 1304 1508 publica
1333 1456 1517 1506 religione
1547 1470 1629 1494 san-
1651 1471 1690 1492 20

300 1525 364 1563 ciri
398 1525 535 1575 potuit,
564 1525 603 1563 id
628 1525 765 1571 abest,
800 1526 969 1574 populus
999 1524 1105 1562 enim
1136 1538 1176 1562 se
1207 1536 1400 1573 nusquam
1432 1523 1628 1572 obligavit.

303 1593 443 1640 Neque
479 1592 568 1629 ideo
602 1598 657 1628 est
691 1591 978 1629 Gaditanorum
1013 1604 1130 1628 causa
1162 1591 1357 1636 deterior;
1395 1588 1629 1638 gravissimis

301 1656 405 1695 enim
436 1664 472 1694 et
501 1656 676 1706 plurimis
705 1657 820 1694 rebus
848 1664 905 1694 est
935 1657 1040 1694 fulta.
1101 1657 1179 1694 Sed
1207 1656 1267 1693 isti
1296 1653 1550 1704 disputationi
1572 1655 1632 1690 lu'c

301 1730 405 1760 certe
448 1721 545 1759 nihil
574 1730 631 1760 est
662 1721 761 1769 loci3
801 1729 1093 1760 sacrosanctum
1125 1722 1229 1759 enim
1260 1720 1356 1757 nihil
1387 1726 1515 1769 potest
1545 1731 1629 1756 esse

234 1790 280 1826 16
303 1787 375 1825 nisi
408 1788 516 1836 quod
548 1800 615 1836 per
647 1788 839 1836 populum
872 1787 1079 1836 plebemve
1109 1793 1288 1823 sanctum
1319 1791 1386 1822 est.
1448 1783 1568 1831 Quod
1599 1781 1628 1820 si
1653 1798 1690 1829 ²5

303 1854 377 1890 boc
408 1853 556 1899 foedus,
585 1853 693 1901 quod
724 1854 893 1901 populus
926 1854 1131 1889 Romanus
1161 1858 1320 1888 auctore
1350 1856 1498 1894 senatu,
1526 1861 1630 1886 com-

303 1917 556 1956 mendatione
577 1926 613 1956 et
635 1917 782 1956 iudicio
803 1918 1016 1963 vetustatis,
1040 1918 1240 1955 voluntate
1262 1922 1299 1953 et
1327 1914 1529 1953 sententiis
1551 1911 1629 1950 suis

302 1984 545 2033 comprobat,
570 1983 675 2021 idem
705 1983 893 2033 suffragiis
923 1983 1230 2032 comprobasset,
1255 1979 1350 2029 quid
1379 1986 1458 2017 erat
1488 1991 1556 2015 cur
1584 1991 1630 2015 ex

302 2051 388 2098 ipso
421 2049 578 2087 foedere
616 2049 857 2087 Gaditanum
893 2048 932 2085 in
955 2047 1152 2085 civitatem
1187 2052 1360 2083 nostram
1396 2043 1514 2092 recipi
1550 2055 1630 2080 non

302 2116 463 2152 liceret?
521 2113 630 2151 Nihil
663 2121 720 2151 est
757 2113 862 2151 enim
897 2114 1004 2151 aliud
1037 2114 1076 2150 in
1108 2112 1265 2150 foedere
1302 2110 1374 2148 nisi
1406 2116 1448 2146 ut
1481 2120 1547 2145 ΡΙΑ
1579 2119 1630 2144 ΕΤ
1651 2122 1692 2152 30

302 2190 499 2216 AETERNA
536 2190 615 2215 PAX
652 2179 711 2215 sit.
783 2179 892 2226 Quid
932 2177 971 2216 id
1006 2178 1056 2215 ad
1092 2176 1319 2214 civitatem?
1385 2174 1629 2211 Adiunctum

351 2295 362 2314 1
391 2285 474 2313 haec
492 2282 597 2312 oratio
617 2282 703 2311 codd.
718 2285 847 2321 praeter
860 2281 948 2312 ΡΒΣ
1062 2292 1078 2319 7
1104 2280 1229 2310 lumina
1245 2277 1378 2308 Ernesti
1463 2286 1484 2314 9
1509 2275 1630 2305 secisse

303 2327 455 2357 PBHS‘:
476 2327 597 2356 iecisse
617 2325 693 2355 GEb
710 2337 716 2355 :
743 2326 842 2355 icisse
858 2325 1022 2364 Angelius
1098 2334 1133 2362 17
1160 2322 1324 2362 publicam
1343 2321 1393 2361 (=
1413 2330 1456 2359 ·p-
1474 2319 1545 2357 Hb)
1564 2329 1628 2349 om.

304 2371 335 2400 Ρ
351 2370 413 2400 rell.
435 2372 464 2409 (ξ
483 2373 515 2409 5)
668 2380 708 2407 23
735 2370 787 2399 hic
804 2369 908 2408 suppl.
931 2368 1023 2399 Cobet
1170 2377 1207 2405 31
1236 2366 1326 2404 Quid
1345 2365 1377 2394 id
1394 2363 1462 2394 Eb:
1489 2363 1576 2402 quod
1595 2361 1628 2392 id

304 2413 432 2444 PBGc:
451 2414 533 2452 quid
551 2413 598 2444 H.
648 2413 743 2444 Num
761 2413 817 2451 qui
835 2413 888 2443 id?
