1774 2782
230 133 273 160 21
294 135 332 169 47
657 123 713 159 M.
744 123 911 159 TVLLI
945 121 1250 160 CICERONIS

291 230 509 277 deberetur,
548 232 694 280 patriae
729 230 859 280 potius
895 232 1042 269 donata
1075 244 1193 281 quam
1228 237 1421 269 reservata
1455 238 1617 270 naturae

291 296 514 334 videretur?
573 295 811 333 Nesciebam
839 297 938 334 inter
964 295 1274 345 sapientissimos
1304 295 1485 333 homines
1514 296 1617 333 hanc

289 362 587 399 contentionem
610 361 739 408 fuisse,
763 368 804 399 ut
830 361 894 399 alii
923 361 1099 400 dicerent
1122 363 1276 399 animos
1301 360 1507 399 hominum
1530 373 1615 399 sen-

292 438 436 476 susque
476 434 601 464 morte
636 425 833 475 restingui,
869 425 933 464 alii
972 434 1103 464 autem
1144 434 1226 464 tum
1267 426 1435 464 maxime
1474 425 1617 464 mentis

290 491 524 541 sapientium
547 505 592 529 ac
620 490 777 529 fortium
803 492 985 538 virorum,
1009 505 1099 528 curn
1121 504 1142 529 e
1163 504 1326 541 corpore
1346 489 1614 538 excessissent,
1639 508 1656 538 5

290 557 432 595 sentire
466 570 511 594 ac
545 558 702 606 vigere?
750 570 918 606 quorum
947 558 1112 594 alterum
1144 556 1373 606 fugiendum
1404 569 1484 593 non
1519 568 1614 603 esse,

289 635 419 661 carere
441 635 569 669 sensu,
599 623 763 660 alterum
786 621 903 660 etiam
933 622 1163 671 optandum,
1188 621 1349 659 meliore
1375 634 1462 660 esse
1486 634 1615 659 sensu.

229 693 268 732 48
291 688 485 738 Denique,
510 701 599 725 cum
625 686 760 726 onmia
784 700 937 736 semper
960 688 1010 725 ad
1036 686 1266 736 dignitatem
1288 685 1522 724 rettulissem
1544 699 1617 725 nec

289 753 372 792 sine
393 767 437 792 ea
458 753 668 803 quicquam
691 754 953 803 expetendum
972 766 1055 791 esse
1076 752 1226 790 homini
1249 752 1286 790 in
1309 753 1386 790 vita
1406 760 1615 801 putassem,

289 828 466 866 mortem,
491 833 609 868 quani
633 818 750 857 etiam
773 818 938 868 virgines
960 819 1137 865 Athenis,
1161 817 1272 868 regis,
1295 817 1446 867 opinor,
1470 819 1616 856 Erech·
1640 831 1678 852 10

288 886 366 923 tbei
384 886 495 932 filiae,
512 898 582 934 pro
597 884 718 934 patria
732 883 1018 933 contempsisse
1035 884 1230 931 dicuntur,
1246 896 1319 933 ego
1333 884 1388 921 vir
1401 883 1617 922 consularis

288 949 405 988 tantis
436 950 553 988 rebus
583 949 700 999 gestis
737 950 944 987 timerem?
986 948 1213 999 praesertim
1246 962 1336 986 cum
1372 949 1456 986 eius
1491 962 1616 986 essem

288 1015 453 1053 civitatis
471 1028 517 1053 ex
538 1028 615 1064 qua
633 1014 677 1054 C.
700 1015 859 1052 Mucius
876 1015 981 1052 solus
1003 1013 1041 1051 in
1064 1022 1188 1051 castra
1203 1015 1427 1052 Porsennae
1447 1013 1617 1052 venisset

289 1094 461 1129 eumque
490 1080 707 1118 interficere
735 1079 934 1129 proposita
964 1078 1036 1117 sibi
1066 1086 1191 1117 morte
1221 1087 1386 1117 conatus
1412 1086 1540 1126 esset3
1568 1092 1616 1116 ex

289 1159 365 1195 qua
388 1148 427 1183 P.
454 1147 600 1183 Decius
622 1146 790 1195 primum
814 1153 932 1194 pater,
956 1152 1043 1194 post
1064 1144 1214 1194 aliquot
1242 1158 1367 1182 annos
1392 1143 1516 1194 patria
1542 1143 1615 1181 vir-
1641 1157 1675 1188 ¹5

288 1218 370 1249 tute
391 1210 589 1260 praeditus
607 1211 706 1248 filius
723 1223 763 1248 se
780 1223 825 1248 ac
841 1209 958 1247 vitam
977 1223 1086 1247 suam
1104 1209 1291 1247 instructa
1303 1209 1386 1247 acie
1407 1222 1477 1259 pro
1494 1210 1617 1247 salute

288 1276 422 1325 populi
440 1275 611 1313 Romani
628 1275 869 1325 victoriaque
886 1274 1106 1313 devovisset
1122 1289 1131 1322 3
1161 1288 1207 1312 ex
1221 1288 1298 1324 qua
1311 1273 1617 1312 innumerabiles

287 1341 350 1379 alii
372 1340 511 1391 partim
532 1340 813 1390 adipiscendae
836 1339 973 1383 laudis,
999 1339 1137 1389 partim
1160 1339 1343 1378 vitandae
1365 1339 1617 1388 turpitudinis

289 1419 405 1444 causa
422 1414 589 1444 mortem
607 1405 645 1443 in
664 1404 776 1443 variis
792 1405 904 1443 bellis
921 1404 1167 1454 aequissimis
1184 1403 1325 1442 animis
1347 1403 1590 1453 oppetissent
1606 1419 1616 1452 ,-

288 1473 326 1508 in
357 1484 434 1521 qua
463 1472 620 1509 civitate
650 1470 732 1520 ipse
763 1469 1028 1508 meminissem
1060 1477 1208 1519 patrem
1240 1468 1354 1507 huius
1388 1470 1444 1506 M.
1472 1468 1613 1516 Crassi,
1636 1483 1676 1504 20

288 1536 541 1575 fortissimum
580 1538 716 1583 virum,
754 1549 803 1574 ne
842 1535 989 1574 videret
1024 1535 1210 1573 victorem
1250 1534 1359 1572 vivus
1399 1533 1616 1582 inimicum,

288 1603 426 1640 eadem
449 1602 522 1640 sibi
546 1615 664 1639 manu
686 1602 803 1639 vitam
826 1600 1049 1639 exhausisse
1070 1613 1147 1650 qua
1169 1607 1334 1638 mortem
1357 1612 1473 1649 saepe
1498 1599 1616 1636 hosti-

289 1666 362 1705 bus
384 1667 600 1705 obtulisset.

344 1734 458 1771 Haec
479 1745 551 1781 ego
573 1740 609 1770 et
636 1733 757 1769 multa
781 1731 855 1769 alia
883 1732 1057 1780 cogitans
1083 1732 1158 1769 hoc
1183 1730 1378 1776 videbam,
1402 1729 1431 1768 si
1455 1742 1613 1767 causam

288 1798 487 1847 publicam
510 1811 596 1835 mea
618 1810 721 1835 mors
747 1796 987 1847 peremisset,
1011 1796 1210 1834 neminem
1233 1809 1421 1845 umquam
1444 1796 1525 1833 fore
1545 1793 1612 1844 qui
1634 1807 1673 1838 25

286 1864 447 1901 auderet
465 1862 661 1912 suscipere
678 1870 813 1900 contra
830 1862 1030 1912 improbos
1046 1861 1140 1899 civis
1157 1863 1322 1900 salutem
1340 1862 1391 1899 rei
1407 1861 1589 1910 publicae
1604 1874 1614 1907 3

287 1929 418 1978 itaque
446 1942 525 1966 non
553 1929 680 1966 solum
709 1927 739 1965 si
767 1927 803 1965 vi
833 1927 1064 1974 interissem,
1087 1929 1156 1966 sed
1185 1928 1301 1965 etiam
1328 1926 1357 1964 si
1386 1925 1526 1964 morbo
1553 1938 1614 1964 ex-

287 1995 454 2032 stinctus
472 2007 611 2040 essem,
632 1995 712 2032 fore
733 1994 920 2043 putabam
943 2001 984 2031 ut
1001 1994 1224 2043 exemplum
1246 1993 1298 2031 rei
1321 1991 1502 2042 publicae
1523 2005 1614 2029 con-

286 2061 499 2098 servandae
521 2073 676 2097 mecum
704 2059 818 2097 simul
846 2059 1028 2097 interiret.
1090 2060 1190 2108 Quis
1211 2059 1315 2097 enim
1337 2071 1525 2107 umquam
1549 2071 1613 2095 me

285 2137 308 2161 a
328 2132 464 2163 senatu
486 2126 713 2174 populoque
732 2126 916 2163 Romano
938 2132 1048 2162 tanto
1069 2123 1245 2162 omnium
1264 2124 1458 2162 bonorum
1481 2124 1611 2162 studio
1632 2134 1672 2165 30

226 1778 267 1809 49

327 2240 346 2267 4
372 2235 503 2260 mentes
531 2230 674 2260 maxime
693 2229 801 2261 Sclzol.
912 2240 931 2268 5
957 2241 975 2260 e
994 2229 1122 2259 P²BG2
1150 2240 1191 2259 eo
1208 2228 1250 2258 Ρ1
1272 2228 1393 2258 5(Ἰιοί”,;
1419 2238 1484 2258 om.
1502 2228 1539 2258 k:
1567 2239 1610 2258 ex

283 2272 381 2302 Klolz
496 2283 534 2303 10
559 2274 648 2311 regis
665 2273 787 2311 opinor
803 2277 831 2302 ct
846 2273 864 2302 Ι.
888 2283 921 2302 11
950 2283 1012 2312 pro
1030 2273 1136 2311 patria
1153 2283 1219 2302 om.
1236 2272 1341 2302 Sclzol.
1460 2282 1496 2301 12
1521 2272 1608 2302 civit.

284 2326 393 2346 essem
411 2315 518 2348 Sclzol.
611 2326 648 2354 13
666 2316 702 2346 C.
722 2316 846 2347 Sclzol.:
865 2316 905 2354 Q.
924 2315 1032 2347 Prell.
1116 2316 1312 2346 Porsennae
1329 2314 1390 2344 Bw
1406 2326 1412 2345 z
1438 2314 1609 2345 Porsenae

284 2366 378 2398 (corr.
399 2371 437 2389 ex
455 2360 628 2398 porsinae„
653 2360 703 2389 Pk
854 2369 891 2397 15
918 2360 1043 2399 aliquot
1060 2369 1167 2390 annos
1189 2363 1217 2389 et
1243 2359 1262 2390 l.
1282 2368 1319 2397 19
1340 2358 1372 2388 in
1391 2359 1492 2388 variis
1509 2357 1608 2389 bellis

282 2402 340 2434 dcl.
364 2402 453 2434 Paul
567 2404 604 2432 18
629 2404 736 2433 laudis
757 2404 877 2442 partim
895 2404 1053 2434 vitandae
1070 2414 1096 2435 s,
1111 2403 1129 2435 l.
1150 2401 1194 2432 P²
