<?xml version="1.0" encoding="UTF-8"?>
<!DOCTYPE html PUBLIC "-//W3C//DTD XHTML 1.0 Transitional//EN"
    "http://www.w3.org/TR/xhtml1/DTD/xhtml1-transitional.dtd">
<html xmlns="http://www.w3.org/1999/xhtml" xml:lang="en" lang="en">
 <head>
  <title>
</title>
<meta http-equiv="Content-Type" content="text/html;charset=utf-8" />
  <meta name='ocr-system' content='tesseract 3.04.00' />
  <meta name='ocr-capabilities' content='ocr_page ocr_carea ocr_par ocr_line ocrx_word'/>
</head>
<body>
  <div class='ocr_page' id='page_1' title='image "./orationesrecogno05ciceuoft/orationesrecogno05ciceuoft_0074.png"; bbox 0 0 1774 2782; ppageno 0'>
   <div class='ocr_carea' id='block_1_1' title="bbox 242 117 1274 165">
    <p class='ocr_par' dir='ltr' id='par_1_1' title="bbox 242 117 1274 165">
     <span class='ocr_line' id='line_1_1' title="bbox 242 117 1274 165; baseline -0.001 -11"><span class='ocrx_word' id='word_1_1' title='bbox 242 128 291 154; x_wconf 86' lang='lat'>22</span> <span class='ocrx_word' id='word_1_2' title='bbox 314 126 354 165; x_wconf 83' lang='lat'>58</span> <span class='ocrx_word' id='word_1_3' title='bbox 682 119 737 155; x_wconf 84' lang='lat' dir='ltr'>M.</span> <span class='ocrx_word' id='word_1_4' title='bbox 769 119 936 154; x_wconf 86' lang='lat' dir='ltr'>TVLLI</span> <span class='ocrx_word' id='word_1_5' title='bbox 969 117 1274 156; x_wconf 89' lang='lat' dir='ltr'>CICERONIS</span> 
     </span>
    </p>
   </div>
   <div class='ocr_carea' id='block_1_2' title="bbox 219 661 287 751">
    <p class='ocr_par' dir='ltr' id='par_1_2' title="bbox 219 661 287 751">
     <span class='ocr_line' id='line_1_2' title="bbox 237 661 287 696; baseline 0 0"><span class='ocrx_word' id='word_1_6' title='bbox 237 661 287 696; x_wconf 86' lang='lat'>23</span> 
     </span>
     <span class='ocr_line' id='line_1_3' title="bbox 219 697 287 751; baseline -0.015 0"><span class='ocrx_word' id='word_1_7' title='bbox 219 697 223 702; x_wconf 92' lang='lat'><em>·</em></span> <span class='ocrx_word' id='word_1_8' title='bbox 248 721 287 751; x_wconf 81' lang='lat'>59</span> 
     </span>
    </p>
   </div>
   <div class='ocr_carea' id='block_1_3' title="bbox 246 1404 288 1435">
    <p class='ocr_par' dir='ltr' id='par_1_3' title="bbox 246 1404 288 1435">
     <span class='ocr_line' id='line_1_4' title="bbox 246 1404 288 1435; baseline 0.024 -1"><span class='ocrx_word' id='word_1_9' title='bbox 246 1404 288 1435; x_wconf 85' lang='lat'>60</span> 
     </span>
    </p>
   </div>
   <div class='ocr_carea' id='block_1_4' title="bbox 308 224 1640 2093">
    <p class='ocr_par' dir='ltr' id='par_1_4' title="bbox 308 224 1640 2093">
     <span class='ocr_line' id='line_1_5' title="bbox 313 224 1638 276; baseline -0.003 -11"><span class='ocrx_word' id='word_1_10' title='bbox 313 227 413 265; x_wconf 86' lang='lat' dir='ltr'>blica</span> <span class='ocrx_word' id='word_1_11' title='bbox 433 241 455 265; x_wconf 91' lang='lat' dir='ltr'>a</span> <span class='ocrx_word' id='word_1_12' title='bbox 477 226 793 276; x_wconf 86' lang='lat' dir='ltr'>magistratibus?</span> <span class='ocrx_word' id='word_1_13' title='bbox 841 225 979 274; x_wconf 85' lang='lat' dir='ltr'>Quid?</span> <span class='ocrx_word' id='word_1_14' title='bbox 1006 225 1036 262; x_wconf 91' lang='lat' dir='ltr'>si</span> <span class='ocrx_word' id='word_1_15' title='bbox 1059 233 1219 263; x_wconf 89' lang='lat' dir='ltr'>vocatae</span> <span class='ocrx_word' id='word_1_16' title='bbox 1246 224 1368 262; x_wconf 91' lang='lat' dir='ltr'>tribus</span> <span class='ocrx_word' id='word_1_17' title='bbox 1391 231 1531 270; x_wconf 82' lang='lat' dir='ltr'><strong>essent,</strong></span> <span class='ocrx_word' id='word_1_18' title='bbox 1554 236 1638 272; x_wconf 90' lang='lat' dir='ltr'>pro-</span> 
     </span>
     <span class='ocr_line' id='line_1_6' title="bbox 311 288 1637 341; baseline -0.003 -12"><span class='ocrx_word' id='word_1_19' title='bbox 311 292 562 341; x_wconf 79' lang='lat' dir='ltr'>scriptionem</span> <span class='ocrx_word' id='word_1_20' title='bbox 591 304 672 329; x_wconf 93' lang='lat' dir='ltr'>non</span> <span class='ocrx_word' id='word_1_21' title='bbox 692 291 821 328; x_wconf 87' lang='lat' dir='ltr'>dicam</span> <span class='ocrx_word' id='word_1_22' title='bbox 842 290 881 327; x_wconf 91' lang='lat' dir='ltr'>in</span> <span class='ocrx_word' id='word_1_23' title='bbox 908 304 980 336; x_wconf 91' lang='lat' dir='ltr'>me,</span> <span class='ocrx_word' id='word_1_24' title='bbox 1004 291 1056 327; x_wconf 87' lang='lat' dir='ltr'>ita</span> <span class='ocrx_word' id='word_1_25' title='bbox 1083 291 1132 328; x_wconf 90' lang='lat' dir='ltr'>de</span> <span class='ocrx_word' id='word_1_26' title='bbox 1161 303 1231 327; x_wconf 84' lang='lat' dir='ltr'>sua</span> <span class='ocrx_word' id='word_1_27' title='bbox 1251 291 1374 327; x_wconf 89' lang='lat' dir='ltr'>salute</span> <span class='ocrx_word' id='word_1_28' title='bbox 1396 288 1544 334; x_wconf 87' lang='lat' dir='ltr'>merito,</span> <span class='ocrx_word' id='word_1_29' title='bbox 1568 288 1637 325; x_wconf 89' lang='lat' dir='ltr'>sed</span> 
     </span>
     <span class='ocr_line' id='line_1_7' title="bbox 311 355 1638 404; baseline -0.002 -11"><span class='ocrx_word' id='word_1_30' title='bbox 311 356 475 394; x_wconf 89' lang='lat' dir='ltr'>omnino</span> <span class='ocrx_word' id='word_1_31' title='bbox 497 356 535 393; x_wconf 90' lang='lat' dir='ltr'>in</span> <span class='ocrx_word' id='word_1_32' title='bbox 558 357 637 393; x_wconf 94' lang='lat' dir='ltr'>ullo</span> <span class='ocrx_word' id='word_1_33' title='bbox 663 355 736 393; x_wconf 93' lang='lat' dir='ltr'>civi</span> <span class='ocrx_word' id='word_1_34' title='bbox 758 355 1152 404; x_wconf 89' lang='lat' dir='ltr'>comprobavissent?</span> <span class='ocrx_word' id='word_1_35' title='bbox 1209 357 1284 401; x_wconf 85' lang='lat' dir='ltr'>An,</span> <span class='ocrx_word' id='word_1_36' title='bbox 1308 356 1338 392; x_wconf 90' lang='lat' dir='ltr'>si</span> <span class='ocrx_word' id='word_1_37' title='bbox 1361 368 1434 404; x_wconf 86' lang='lat' dir='ltr'>ego</span> <span class='ocrx_word' id='word_1_38' title='bbox 1454 366 1638 403; x_wconf 80' lang='lat' dir='ltr'><strong>praesens</strong></span> 
     </span>
     <span class='ocr_line' id='line_1_8' title="bbox 311 417 1639 468; baseline -0.002 -10"><span class='ocrx_word' id='word_1_39' title='bbox 311 420 481 467; x_wconf 79' lang='lat' dir='ltr'>fuissem,</span> <span class='ocrx_word' id='word_1_40' title='bbox 519 428 667 458; x_wconf 88' lang='lat' dir='ltr'>veteres</span> <span class='ocrx_word' id='word_1_41' title='bbox 702 419 790 457; x_wconf 88' lang='lat' dir='ltr'>illae</span> <span class='ocrx_word' id='word_1_42' title='bbox 829 419 966 468; x_wconf 90' lang='lat' dir='ltr'>copiae</span> <span class='ocrx_word' id='word_1_43' title='bbox 1001 419 1292 457; x_wconf 90' lang='lat' dir='ltr'>coniuratorum</span> <span class='ocrx_word' id='word_1_44' title='bbox 1328 419 1463 467; x_wconf 89' lang='lat' dir='ltr'>tuique</span> <span class='ocrx_word' id='word_1_45' title='bbox 1497 417 1639 467; x_wconf 88' lang='lat' dir='ltr'>perditi</span> 
     </span>
     <span class='ocr_line' id='line_1_9' title="bbox 312 483 1640 534; baseline -0.002 -12"><span class='ocrx_word' id='word_1_46' title='bbox 312 485 452 522; x_wconf 82' lang='lat' dir='ltr'>milites</span> <span class='ocrx_word' id='word_1_47' title='bbox 472 493 591 534; x_wconf 91' lang='lat' dir='ltr'>atque</span> <span class='ocrx_word' id='word_1_48' title='bbox 615 492 773 534; x_wconf 79' lang='lat' dir='ltr'>egentes</span> <span class='ocrx_word' id='word_1_49' title='bbox 794 492 832 522; x_wconf 89' lang='lat' dir='ltr'>et</span> <span class='ocrx_word' id='word_1_50' title='bbox 854 498 955 522; x_wconf 88' lang='lat' dir='ltr'>nova</span> <span class='ocrx_word' id='word_1_51' title='bbox 979 498 1118 522; x_wconf 90' lang='lat' dir='ltr'>manus</span> <span class='ocrx_word' id='word_1_52' title='bbox 1143 483 1528 522; x_wconf 79' lang='lat' dir='ltr'>sceleratissimorum</span> <span class='ocrx_word' id='word_1_53' title='bbox 1549 496 1640 521; x_wconf 94' lang='lat' dir='ltr'>con-</span> 
     </span>
     <span class='ocr_line' id='line_1_10' title="bbox 311 547 1637 599; baseline -0.002 -12"><span class='ocrx_word' id='word_1_54' title='bbox 311 551 439 587; x_wconf 90' lang='lat' dir='ltr'>sulum</span> <span class='ocrx_word' id='word_1_55' title='bbox 466 549 618 599; x_wconf 87' lang='lat' dir='ltr'>corpori</span> <span class='ocrx_word' id='word_1_56' title='bbox 647 563 736 587; x_wconf 92' lang='lat' dir='ltr'>meo</span> <span class='ocrx_word' id='word_1_57' title='bbox 763 549 1057 599; x_wconf 85' lang='lat' dir='ltr'>pepercissent?</span> <span class='ocrx_word' id='word_1_58' title='bbox 1087 549 1153 598; x_wconf 93' lang='lat' dir='ltr'>qui</span> <span class='ocrx_word' id='word_1_59' title='bbox 1181 562 1271 586; x_wconf 91' lang='lat' dir='ltr'>cum</span> <span class='ocrx_word' id='word_1_60' title='bbox 1300 562 1435 586; x_wconf 86' lang='lat' dir='ltr'>eorum</span> <span class='ocrx_word' id='word_1_61' title='bbox 1459 547 1637 585; x_wconf 89' lang='lat' dir='ltr'>omnium</span> 
     </span>
     <span class='ocr_line' id='line_1_11' title="bbox 311 613 1638 664; baseline -0.001 -12"><span class='ocrx_word' id='word_1_62' title='bbox 311 615 529 653; x_wconf 82' lang='lat' dir='ltr'>crudelitati</span> <span class='ocrx_word' id='word_1_63' title='bbox 565 615 779 664; x_wconf 83' lang='lat' dir='ltr'>scelerique</span> <span class='ocrx_word' id='word_1_64' title='bbox 819 614 1033 661; x_wconf 86' lang='lat' dir='ltr'>cessissem,</span> <span class='ocrx_word' id='word_1_65' title='bbox 1072 628 1120 652; x_wconf 91' lang='lat' dir='ltr'>ne</span> <span class='ocrx_word' id='word_1_66' title='bbox 1153 614 1296 651; x_wconf 83' lang='lat' dir='ltr'>absens</span> <span class='ocrx_word' id='word_1_67' title='bbox 1335 613 1495 663; x_wconf 90' lang='lat' dir='ltr'>quidem</span> <span class='ocrx_word' id='word_1_68' title='bbox 1530 614 1638 651; x_wconf 88' lang='lat' dir='ltr'>luctu</span> 
     </span>
     <span class='ocr_line' id='line_1_12' title="bbox 313 678 1639 729; baseline -0.002 -12"><span class='ocrx_word' id='word_1_69' title='bbox 313 693 401 717; x_wconf 90' lang='lat' dir='ltr'>meo</span> <span class='ocrx_word' id='word_1_70' title='bbox 428 681 569 718; x_wconf 90' lang='lat' dir='ltr'>mentis</span> <span class='ocrx_word' id='word_1_71' title='bbox 597 693 731 717; x_wconf 90' lang='lat' dir='ltr'>eorum</span> <span class='ocrx_word' id='word_1_72' title='bbox 753 679 891 717; x_wconf 87' lang='lat' dir='ltr'>satiare</span> <span class='ocrx_word' id='word_1_73' title='bbox 917 679 1037 729; x_wconf 91' lang='lat' dir='ltr'>potui.</span> <span class='ocrx_word' id='word_1_74' title='bbox 1089 678 1198 726; x_wconf 85' lang='lat' dir='ltr'>Quid</span> <span class='ocrx_word' id='word_1_75' title='bbox 1220 678 1323 716; x_wconf 89' lang='lat' dir='ltr'>enim</span> <span class='ocrx_word' id='word_1_76' title='bbox 1346 692 1414 716; x_wconf 88' lang='lat' dir='ltr'>vos</span> <span class='ocrx_word' id='word_1_77' title='bbox 1434 691 1531 716; x_wconf 83' lang='lat' dir='ltr'>uxor</span> <span class='ocrx_word' id='word_1_78' title='bbox 1551 691 1639 715; x_wconf 86' lang='lat' dir='ltr'>mea</span> 
     </span>
     <span class='ocr_line' id='line_1_13' title="bbox 312 742 1639 794; baseline -0.001 -12"><span class='ocrx_word' id='word_1_79' title='bbox 312 744 449 782; x_wconf 89' lang='lat' dir='ltr'>misera</span> <span class='ocrx_word' id='word_1_80' title='bbox 465 744 635 790; x_wconf 89' lang='lat' dir='ltr'>violarat,</span> <span class='ocrx_word' id='word_1_81' title='bbox 659 758 777 794; x_wconf 87' lang='lat' dir='ltr'>quam</span> <span class='ocrx_word' id='word_1_82' title='bbox 799 745 1014 791; x_wconf 80' lang='lat' dir='ltr'>vexavistis,</span> <span class='ocrx_word' id='word_1_83' title='bbox 1033 743 1262 793; x_wconf 87' lang='lat' dir='ltr'>raptavistis‚</span> <span class='ocrx_word' id='word_1_84' title='bbox 1280 743 1387 780; x_wconf 91' lang='lat' dir='ltr'>omni</span> <span class='ocrx_word' id='word_1_85' title='bbox 1410 742 1639 781; x_wconf 87' lang='lat' dir='ltr'>crudelitate</span> 
     </span>
     <span class='ocr_line' id='line_1_14' title="bbox 311 807 1638 858; baseline -0.001 -12"><span class='ocrx_word' id='word_1_86' title='bbox 311 811 535 847; x_wconf 88' lang='lat' dir='ltr'>lacerastis?</span> <span class='ocrx_word' id='word_1_87' title='bbox 569 809 664 858; x_wconf 91' lang='lat' dir='ltr'>quid</span> <span class='ocrx_word' id='word_1_88' title='bbox 690 822 776 847; x_wconf 90' lang='lat' dir='ltr'>mea</span> <span class='ocrx_word' id='word_1_89' title='bbox 806 808 893 855; x_wconf 85' lang='lat' dir='ltr'>filia,</span> <span class='ocrx_word' id='word_1_90' title='bbox 927 808 1038 846; x_wconf 88' lang='lat' dir='ltr'>cuius</span> <span class='ocrx_word' id='word_1_91' title='bbox 1069 809 1181 845; x_wconf 86' lang='lat' dir='ltr'>fletus</span> <span class='ocrx_word' id='word_1_92' title='bbox 1208 807 1397 846; x_wconf 89' lang='lat' dir='ltr'>adsiduus</span> <span class='ocrx_word' id='word_1_93' title='bbox 1423 808 1638 856; x_wconf 84' lang='lat' dir='ltr'>sordesque</span> 
     </span>
     <span class='ocr_line' id='line_1_15' title="bbox 310 872 1638 923; baseline -0.002 -11"><span class='ocrx_word' id='word_1_94' title='bbox 310 875 492 923; x_wconf 81' lang='lat' dir='ltr'>lugubres</span> <span class='ocrx_word' id='word_1_95' title='bbox 521 874 632 912; x_wconf 90' lang='lat' dir='ltr'>vobis</span> <span class='ocrx_word' id='word_1_96' title='bbox 660 882 769 912; x_wconf 89' lang='lat' dir='ltr'>erant</span> <span class='ocrx_word' id='word_1_97' title='bbox 795 874 1003 919; x_wconf 88' lang='lat' dir='ltr'>iucundae,</span> <span class='ocrx_word' id='word_1_98' title='bbox 1035 881 1252 911; x_wconf 89' lang='lat' dir='ltr'>ceterorum</span> <span class='ocrx_word' id='word_1_99' title='bbox 1284 872 1462 910; x_wconf 87' lang='lat' dir='ltr'>omnium</span> <span class='ocrx_word' id='word_1_100' title='bbox 1496 872 1638 910; x_wconf 92' lang='lat' dir='ltr'>mentis</span> 
     </span>
     <span class='ocr_line' id='line_1_16' title="bbox 309 938 1636 988; baseline -0.001 -11"><span class='ocrx_word' id='word_1_101' title='bbox 309 941 524 988; x_wconf 87' lang='lat' dir='ltr'>oculosque</span> <span class='ocrx_word' id='word_1_102' title='bbox 537 940 777 977; x_wconf 85' lang='lat' dir='ltr'>flectebant?</span> <span class='ocrx_word' id='word_1_103' title='bbox 794 939 888 988; x_wconf 93' lang='lat' dir='ltr'>quid</span> <span class='ocrx_word' id='word_1_104' title='bbox 903 952 1043 988; x_wconf 90' lang='lat' dir='ltr'>parvus</span> <span class='ocrx_word' id='word_1_105' title='bbox 1059 938 1170 985; x_wconf 84' lang='lat' dir='ltr'>filius,</span> <span class='ocrx_word' id='word_1_106' title='bbox 1186 952 1315 988; x_wconf 84' lang='lat' dir='ltr'>quem,</span> <span class='ocrx_word' id='word_1_107' title='bbox 1332 951 1450 987; x_wconf 86' lang='lat' dir='ltr'>quam</span> <span class='ocrx_word' id='word_1_108' title='bbox 1465 938 1532 975; x_wconf 91' lang='lat' dir='ltr'>diu</span> <span class='ocrx_word' id='word_1_109' title='bbox 1545 938 1636 985; x_wconf 86' lang='lat' dir='ltr'>afui,</span> 
     </span>
     <span class='ocr_line' id='line_1_17' title="bbox 310 1002 1638 1052; baseline -0.002 -10"><span class='ocrx_word' id='word_1_110' title='bbox 310 1017 428 1042; x_wconf 91' lang='lat' dir='ltr'>nemo</span> <span class='ocrx_word' id='word_1_111' title='bbox 461 1004 533 1041; x_wconf 88' lang='lat' dir='ltr'>nisi</span> <span class='ocrx_word' id='word_1_112' title='bbox 569 1003 836 1041; x_wconf 84' lang='lat' dir='ltr'>lacrimantem</span> <span class='ocrx_word' id='word_1_113' title='bbox 870 1005 1175 1052; x_wconf 84' lang='lat' dir='ltr'>confectumque</span> <span class='ocrx_word' id='word_1_114' title='bbox 1209 1003 1328 1041; x_wconf 90' lang='lat' dir='ltr'>vidit:</span> <span class='ocrx_word' id='word_1_115' title='bbox 1368 1002 1464 1052; x_wconf 90' lang='lat' dir='ltr'>quid</span> <span class='ocrx_word' id='word_1_116' title='bbox 1496 1004 1638 1040; x_wconf 88' lang='lat' dir='ltr'>fecerat</span> 
     </span>
     <span class='ocr_line' id='line_1_18' title="bbox 308 1067 1638 1119; baseline -0.002 -12"><span class='ocrx_word' id='word_1_117' title='bbox 308 1071 417 1119; x_wconf 92' lang='lat' dir='ltr'>quod</span> <span class='ocrx_word' id='word_1_118' title='bbox 448 1083 537 1107; x_wconf 92' lang='lat' dir='ltr'>eum</span> <span class='ocrx_word' id='word_1_119' title='bbox 572 1069 715 1107; x_wconf 89' lang='lat' dir='ltr'>totiens</span> <span class='ocrx_word' id='word_1_120' title='bbox 752 1083 819 1118; x_wconf 89' lang='lat' dir='ltr'>per</span> <span class='ocrx_word' id='word_1_121' title='bbox 856 1069 1015 1107; x_wconf 87' lang='lat' dir='ltr'>insidias</span> <span class='ocrx_word' id='word_1_122' title='bbox 1053 1069 1269 1106; x_wconf 83' lang='lat' dir='ltr'>interficere</span> <span class='ocrx_word' id='word_1_123' title='bbox 1304 1067 1507 1107; x_wconf 87' lang='lat' dir='ltr'>voluistis?</span> <span class='ocrx_word' id='word_1_124' title='bbox 1541 1068 1638 1117; x_wconf 89' lang='lat' dir='ltr'>quid</span> 
     </span>
     <span class='ocr_line' id='line_1_19' title="bbox 308 1132 1637 1183; baseline -0.002 -11"><span class='ocrx_word' id='word_1_125' title='bbox 308 1137 420 1172; x_wconf 82' lang='lat' dir='ltr'>frater</span> <span class='ocrx_word' id='word_1_126' title='bbox 451 1136 590 1172; x_wconf 90' lang='lat' dir='ltr'>meus?</span> <span class='ocrx_word' id='word_1_127' title='bbox 624 1133 691 1182; x_wconf 94' lang='lat' dir='ltr'>qui</span> <span class='ocrx_word' id='word_1_128' title='bbox 716 1147 806 1171; x_wconf 91' lang='lat' dir='ltr'>cum</span> <span class='ocrx_word' id='word_1_129' title='bbox 830 1134 1033 1183; x_wconf 88' lang='lat' dir='ltr'>aliquanto</span> <span class='ocrx_word' id='word_1_130' title='bbox 1062 1141 1151 1183; x_wconf 85' lang='lat' dir='ltr'>post</span> <span class='ocrx_word' id='word_1_131' title='bbox 1182 1146 1313 1170; x_wconf 86' lang='lat' dir='ltr'>meum</span> <span class='ocrx_word' id='word_1_132' title='bbox 1343 1132 1561 1170; x_wconf 87' lang='lat' dir='ltr'>discessum</span> <span class='ocrx_word' id='word_1_133' title='bbox 1592 1146 1637 1170; x_wconf 84' lang='lat' dir='ltr'>ex</span> 
     </span>
     <span class='ocr_line' id='line_1_20' title="bbox 309 1197 1637 1249; baseline -0.002 -13"><span class='ocrx_word' id='word_1_134' title='bbox 309 1199 507 1249; x_wconf 88' lang='lat' dir='ltr'>provincia</span> <span class='ocrx_word' id='word_1_135' title='bbox 537 1198 706 1236; x_wconf 82' lang='lat' dir='ltr'>venisset</span> <span class='ocrx_word' id='word_1_136' title='bbox 742 1211 871 1247; x_wconf 90' lang='lat' dir='ltr'>neque</span> <span class='ocrx_word' id='word_1_137' title='bbox 908 1197 981 1235; x_wconf 92' lang='lat' dir='ltr'>sibi</span> <span class='ocrx_word' id='word_1_138' title='bbox 1013 1198 1224 1235; x_wconf 82' lang='lat' dir='ltr'>vivendum</span> <span class='ocrx_word' id='word_1_139' title='bbox 1263 1197 1336 1234; x_wconf 90' lang='lat' dir='ltr'>nisi</span> <span class='ocrx_word' id='word_1_140' title='bbox 1367 1210 1431 1234; x_wconf 88' lang='lat' dir='ltr'>me</span> <span class='ocrx_word' id='word_1_141' title='bbox 1460 1197 1637 1234; x_wconf 89' lang='lat' dir='ltr'>restituto</span> 
     </span>
     <span class='ocr_line' id='line_1_21' title="bbox 309 1261 1637 1314; baseline -0.003 -12"><span class='ocrx_word' id='word_1_142' title='bbox 309 1272 470 1314; x_wconf 89' lang='lat' dir='ltr'>putaret,</span> <span class='ocrx_word' id='word_1_143' title='bbox 503 1277 593 1301; x_wconf 89' lang='lat' dir='ltr'>cum</span> <span class='ocrx_word' id='word_1_144' title='bbox 621 1263 704 1301; x_wconf 89' lang='lat' dir='ltr'>eius</span> <span class='ocrx_word' id='word_1_145' title='bbox 732 1276 891 1308; x_wconf 84' lang='lat' dir='ltr'>maeror,</span> <span class='ocrx_word' id='word_1_146' title='bbox 918 1263 1075 1312; x_wconf 89' lang='lat' dir='ltr'>squalor</span> <span class='ocrx_word' id='word_1_147' title='bbox 1107 1261 1346 1300; x_wconf 86' lang='lat' dir='ltr'>incredibilis</span> <span class='ocrx_word' id='word_1_148' title='bbox 1374 1269 1412 1299; x_wconf 87' lang='lat' dir='ltr'>et</span> <span class='ocrx_word' id='word_1_149' title='bbox 1440 1261 1637 1300; x_wconf 85' lang='lat' dir='ltr'>inauditus</span> 
     </span>
     <span class='ocr_line' id='line_1_22' title="bbox 309 1327 1638 1376; baseline -0.002 -9"><span class='ocrx_word' id='word_1_150' title='bbox 309 1329 492 1367; x_wconf 88' lang='lat' dir='ltr'>omnibus</span> <span class='ocrx_word' id='word_1_151' title='bbox 526 1328 754 1366; x_wconf 85' lang='lat' dir='ltr'>mortalibus</span> <span class='ocrx_word' id='word_1_152' title='bbox 788 1327 1016 1365; x_wconf 80' lang='lat' dir='ltr'>miserabilis</span> <span class='ocrx_word' id='word_1_153' title='bbox 1048 1327 1262 1373; x_wconf 82' lang='lat' dir='ltr'>videbatur,</span> <span class='ocrx_word' id='word_1_154' title='bbox 1293 1327 1475 1376; x_wconf 89' lang='lat' dir='ltr'>quotiens</span> <span class='ocrx_word' id='word_1_155' title='bbox 1504 1334 1564 1364; x_wconf 80' lang='lat' dir='ltr'>est</span> <span class='ocrx_word' id='word_1_156' title='bbox 1591 1340 1638 1364; x_wconf 72' lang='lat' dir='ltr'>ex</span> 
     </span>
     <span class='ocr_line' id='line_1_23' title="bbox 309 1392 1637 1441; baseline -0.002 -10"><span class='ocrx_word' id='word_1_157' title='bbox 309 1401 435 1431; x_wconf 89' lang='lat' dir='ltr'>vestro</span> <span class='ocrx_word' id='word_1_158' title='bbox 470 1394 569 1430; x_wconf 87' lang='lat' dir='ltr'>ferro</span> <span class='ocrx_word' id='word_1_159' title='bbox 597 1406 643 1430; x_wconf 88' lang='lat' dir='ltr'>ac</span> <span class='ocrx_word' id='word_1_160' title='bbox 678 1392 859 1429; x_wconf 85' lang='lat' dir='ltr'>manibus</span> <span class='ocrx_word' id='word_1_161' title='bbox 895 1393 1072 1441; x_wconf 85' lang='lat' dir='ltr'>elapsus!</span> <span class='ocrx_word' id='word_1_162' title='bbox 1131 1393 1209 1430; x_wconf 89' lang='lat' dir='ltr'>Sed</span> <span class='ocrx_word' id='word_1_163' title='bbox 1244 1393 1338 1441; x_wconf 91' lang='lat' dir='ltr'>quid</span> <span class='ocrx_word' id='word_1_164' title='bbox 1370 1405 1442 1441; x_wconf 85' lang='lat' dir='ltr'>ego</span> <span class='ocrx_word' id='word_1_165' title='bbox 1471 1398 1637 1429; x_wconf 86' lang='lat' dir='ltr'>vestram</span> 
     </span>
     <span class='ocr_line' id='line_1_24' title="bbox 308 1457 1639 1507; baseline -0.002 -11"><span class='ocrx_word' id='word_1_166' title='bbox 308 1459 577 1496; x_wconf 87' lang='lat' dir='ltr'>crudelitatem</span> <span class='ocrx_word' id='word_1_167' title='bbox 610 1459 802 1507; x_wconf 79' lang='lat' dir='ltr'>exprobro</span> <span class='ocrx_word' id='word_1_168' title='bbox 834 1471 952 1507; x_wconf 85' lang='lat' dir='ltr'>quam</span> <span class='ocrx_word' id='word_1_169' title='bbox 985 1457 1023 1494; x_wconf 93' lang='lat' dir='ltr'>in</span> <span class='ocrx_word' id='word_1_170' title='bbox 1060 1457 1187 1507; x_wconf 88' lang='lat' dir='ltr'>ipsum</span> <span class='ocrx_word' id='word_1_171' title='bbox 1218 1472 1279 1495; x_wconf 92' lang='lat' dir='ltr'>me</span> <span class='ocrx_word' id='word_1_172' title='bbox 1312 1471 1358 1495; x_wconf 87' lang='lat' dir='ltr'>ac</span> <span class='ocrx_word' id='word_1_173' title='bbox 1394 1471 1501 1496; x_wconf 90' lang='lat' dir='ltr'>meos</span> <span class='ocrx_word' id='word_1_174' title='bbox 1530 1458 1639 1495; x_wconf 84' lang='lat' dir='ltr'>adhi-</span> 
     </span>
     <span class='ocr_line' id='line_1_25' title="bbox 308 1521 1637 1572; baseline -0.002 -11"><span class='ocrx_word' id='word_1_175' title='bbox 308 1523 455 1569; x_wconf 89' lang='lat' dir='ltr'>buistis,</span> <span class='ocrx_word' id='word_1_176' title='bbox 480 1525 545 1572; x_wconf 88' lang='lat' dir='ltr'>qui</span> <span class='ocrx_word' id='word_1_177' title='bbox 571 1522 794 1572; x_wconf 87' lang='lat' dir='ltr'>parietibus,</span> <span class='ocrx_word' id='word_1_178' title='bbox 825 1522 891 1571; x_wconf 87' lang='lat' dir='ltr'>qui</span> <span class='ocrx_word' id='word_1_179' title='bbox 917 1522 1039 1569; x_wconf 75' lang='lat' dir='ltr'>tectiS,</span> <span class='ocrx_word' id='word_1_180' title='bbox 1072 1522 1139 1572; x_wconf 86' lang='lat' dir='ltr'>qui</span> <span class='ocrx_word' id='word_1_181' title='bbox 1166 1522 1360 1560; x_wconf 92' lang='lat' dir='ltr'>columnis</span> <span class='ocrx_word' id='word_1_182' title='bbox 1384 1536 1429 1560; x_wconf 85' lang='lat' dir='ltr'>ac</span> <span class='ocrx_word' id='word_1_183' title='bbox 1459 1521 1637 1571; x_wconf 88' lang='lat' dir='ltr'>postibus</span> 
     </span>
     <span class='ocr_line' id='line_1_26' title="bbox 309 1587 1638 1638; baseline -0.002 -11"><span class='ocrx_word' id='word_1_184' title='bbox 309 1589 405 1627; x_wconf 88' lang='lat' dir='ltr'>meis</span> <span class='ocrx_word' id='word_1_185' title='bbox 437 1588 659 1626; x_wconf 86' lang='lat' dir='ltr'>hostificum</span> <span class='ocrx_word' id='word_1_186' title='bbox 685 1589 888 1638; x_wconf 85' lang='lat' dir='ltr'>quoddam</span> <span class='ocrx_word' id='word_1_187' title='bbox 915 1596 953 1626; x_wconf 90' lang='lat' dir='ltr'>et</span> <span class='ocrx_word' id='word_1_188' title='bbox 975 1589 1166 1626; x_wconf 86' lang='lat' dir='ltr'>nefarium</span> <span class='ocrx_word' id='word_1_189' title='bbox 1191 1588 1299 1625; x_wconf 90' lang='lat' dir='ltr'>omni</span> <span class='ocrx_word' id='word_1_190' title='bbox 1322 1588 1517 1626; x_wconf 88' lang='lat' dir='ltr'>imbutum</span> <span class='ocrx_word' id='word_1_191' title='bbox 1543 1587 1638 1626; x_wconf 90' lang='lat' dir='ltr'>odio</span> 
     </span>
     <span class='ocr_line' id='line_1_27' title="bbox 309 1653 1637 1703; baseline 0 -12"><span class='ocrx_word' id='word_1_192' title='bbox 309 1654 455 1692; x_wconf 91' lang='lat' dir='ltr'>bellum</span> <span class='ocrx_word' id='word_1_193' title='bbox 484 1653 694 1691; x_wconf 86' lang='lat' dir='ltr'>intulistis?</span> <span class='ocrx_word' id='word_1_194' title='bbox 754 1655 845 1691; x_wconf 91' lang='lat' dir='ltr'>Non</span> <span class='ocrx_word' id='word_1_195' title='bbox 876 1655 981 1691; x_wconf 92' lang='lat' dir='ltr'>enim</span> <span class='ocrx_word' id='word_1_196' title='bbox 1011 1662 1048 1691; x_wconf 89' lang='lat' dir='ltr'>te</span> <span class='ocrx_word' id='word_1_197' title='bbox 1075 1654 1249 1700; x_wconf 87' lang='lat' dir='ltr'>arbitror,</span> <span class='ocrx_word' id='word_1_198' title='bbox 1277 1667 1366 1691; x_wconf 92' lang='lat' dir='ltr'>cum</span> <span class='ocrx_word' id='word_1_199' title='bbox 1391 1661 1479 1703; x_wconf 86' lang='lat' dir='ltr'>post</span> <span class='ocrx_word' id='word_1_200' title='bbox 1504 1666 1637 1691; x_wconf 90' lang='lat' dir='ltr'>meum</span> 
     </span>
     <span class='ocr_line' id='line_1_28' title="bbox 309 1718 1638 1768; baseline -0.001 -12"><span class='ocrx_word' id='word_1_201' title='bbox 309 1718 525 1756; x_wconf 85' lang='lat' dir='ltr'>discessum</span> <span class='ocrx_word' id='word_1_202' title='bbox 569 1718 746 1756; x_wconf 88' lang='lat' dir='ltr'>omnium</span> <span class='ocrx_word' id='word_1_203' title='bbox 791 1719 1046 1768; x_wconf 91' lang='lat' dir='ltr'>locupletium</span> <span class='ocrx_word' id='word_1_204' title='bbox 1094 1720 1277 1764; x_wconf 89' lang='lat' dir='ltr'>fortunas,</span> <span class='ocrx_word' id='word_1_205' title='bbox 1322 1720 1501 1756; x_wconf 86' lang='lat' dir='ltr'>omnium</span> <span class='ocrx_word' id='word_1_206' title='bbox 1550 1732 1638 1768; x_wconf 94' lang='lat' dir='ltr'>pro-</span> 
     </span>
     <span class='ocr_line' id='line_1_29' title="bbox 309 1783 1639 1833; baseline 0.001 -13"><span class='ocrx_word' id='word_1_207' title='bbox 309 1783 522 1821; x_wconf 89' lang='lat' dir='ltr'>vinciarum</span> <span class='ocrx_word' id='word_1_208' title='bbox 550 1785 706 1830; x_wconf 89' lang='lat' dir='ltr'>fructus,</span> <span class='ocrx_word' id='word_1_209' title='bbox 739 1785 1017 1822; x_wconf 84' lang='lat' dir='ltr'>tetrarcharum</span> <span class='ocrx_word' id='word_1_210' title='bbox 1055 1797 1100 1822; x_wconf 87' lang='lat' dir='ltr'>ac</span> <span class='ocrx_word' id='word_1_211' title='bbox 1122 1797 1254 1833; x_wconf 83' lang='lat' dir='ltr'>regum</span> <span class='ocrx_word' id='word_1_212' title='bbox 1289 1784 1393 1821; x_wconf 90' lang='lat' dir='ltr'>bona</span> <span class='ocrx_word' id='word_1_213' title='bbox 1422 1797 1491 1833; x_wconf 90' lang='lat' dir='ltr'>spe</span> <span class='ocrx_word' id='word_1_214' title='bbox 1519 1791 1639 1833; x_wconf 88' lang='lat' dir='ltr'>atque</span> 
     </span>
     <span class='ocr_line' id='line_1_30' title="bbox 309 1848 1639 1898; baseline 0 -12"><span class='ocrx_word' id='word_1_215' title='bbox 309 1848 467 1886; x_wconf 85' lang='lat' dir='ltr'>avaritia</span> <span class='ocrx_word' id='word_1_216' title='bbox 493 1850 729 1896; x_wconf 88' lang='lat' dir='ltr'>devorasses,</span> <span class='ocrx_word' id='word_1_217' title='bbox 761 1848 910 1898; x_wconf 80' lang='lat' dir='ltr'>argenti</span> <span class='ocrx_word' id='word_1_218' title='bbox 939 1857 975 1886; x_wconf 85' lang='lat' dir='ltr'>et</span> <span class='ocrx_word' id='word_1_219' title='bbox 1006 1849 1257 1898; x_wconf 82' lang='lat' dir='ltr'>supellectilis</span> <span class='ocrx_word' id='word_1_220' title='bbox 1289 1862 1401 1886; x_wconf 86' lang='lat' dir='ltr'>meae</span> <span class='ocrx_word' id='word_1_221' title='bbox 1423 1848 1639 1898; x_wconf 87' lang='lat' dir='ltr'>cupiditate</span> 
     </span>
     <span class='ocr_line' id='line_1_31' title="bbox 310 1914 1638 1965; baseline -0.001 -13"><span class='ocrx_word' id='word_1_222' title='bbox 310 1928 394 1952; x_wconf 90' lang='lat' dir='ltr'>esse</span> <span class='ocrx_word' id='word_1_223' title='bbox 425 1922 650 1953; x_wconf 84' lang='lat' dir='ltr'>caecatum:</span> <span class='ocrx_word' id='word_1_224' title='bbox 687 1928 766 1952; x_wconf 90' lang='lat' dir='ltr'>non</span> <span class='ocrx_word' id='word_1_225' title='bbox 800 1914 980 1952; x_wconf 83' lang='lat' dir='ltr'>existimo</span> <span class='ocrx_word' id='word_1_226' title='bbox 1013 1916 1262 1965; x_wconf 87' lang='lat' dir='ltr'>Campanum</span> <span class='ocrx_word' id='word_1_227' title='bbox 1295 1914 1403 1951; x_wconf 92' lang='lat' dir='ltr'>illum</span> <span class='ocrx_word' id='word_1_228' title='bbox 1434 1915 1638 1952; x_wconf 89' lang='lat' dir='ltr'>consulem</span> 
     </span>
     <span class='ocr_line' id='line_1_32' title="bbox 309 1979 1639 2029; baseline 0 -13"><span class='ocrx_word' id='word_1_229' title='bbox 309 1993 399 2017; x_wconf 89' lang='lat' dir='ltr'>cum</span> <span class='ocrx_word' id='word_1_230' title='bbox 430 1981 610 2017; x_wconf 86' lang='lat' dir='ltr'>saltatore</span> <span class='ocrx_word' id='word_1_231' title='bbox 635 1982 807 2029; x_wconf 77' lang='lat' dir='ltr'>conlega,</span> <span class='ocrx_word' id='word_1_232' title='bbox 836 1993 926 2017; x_wconf 91' lang='lat' dir='ltr'>cum</span> <span class='ocrx_word' id='word_1_233' title='bbox 957 1979 1065 2018; x_wconf 87' lang='lat' dir='ltr'>alteri</span> <span class='ocrx_word' id='word_1_234' title='bbox 1096 1987 1218 2017; x_wconf 88' lang='lat' dir='ltr'>totam</span> <span class='ocrx_word' id='word_1_235' title='bbox 1247 1979 1449 2025; x_wconf 83' lang='lat' dir='ltr'>Achaiam,</span> <span class='ocrx_word' id='word_1_236' title='bbox 1474 1980 1639 2017; x_wconf 87' lang='lat' dir='ltr'>Thessa-</span> 
     </span>
     <span class='ocr_line' id='line_1_33' title="bbox 309 2044 1639 2093; baseline -0.002 -11"><span class='ocrx_word' id='word_1_237' title='bbox 309 2047 411 2088; x_wconf 81' lang='lat' dir='ltr'>liam,</span> <span class='ocrx_word' id='word_1_238' title='bbox 452 2044 667 2091; x_wconf 85' lang='lat' dir='ltr'>Boeotiam,</span> <span class='ocrx_word' id='word_1_239' title='bbox 707 2045 923 2092; x_wconf 85' lang='lat' dir='ltr'>Graeciam,</span> <span class='ocrx_word' id='word_1_240' title='bbox 965 2044 1244 2083; x_wconf 86' lang='lat' dir='ltr'>Macedoniam</span> <span class='ocrx_word' id='word_1_241' title='bbox 1277 2057 1517 2093; x_wconf 89' lang='lat' dir='ltr'>omnemque</span> <span class='ocrx_word' id='word_1_242' title='bbox 1556 2044 1639 2081; x_wconf 87' lang='lat' dir='ltr'>bar-</span> 
     </span>
    </p>
   </div>
   <div class='ocr_carea' id='block_1_5' title="bbox 1661 821 1698 842">
    <p class='ocr_par' dir='ltr' id='par_1_5' title="bbox 1661 821 1698 842">
     <span class='ocr_line' id='line_1_34' title="bbox 1661 821 1698 842; baseline 0.027 -1"><span class='ocrx_word' id='word_1_243' title='bbox 1661 821 1698 842; x_wconf 91' lang='lat'>10</span> 
     </span>
    </p>
   </div>
   <div class='ocr_carea' id='block_1_6' title="bbox 1660 1471 1698 1491">
    <p class='ocr_par' dir='ltr' id='par_1_6' title="bbox 1660 1471 1698 1491">
     <span class='ocr_line' id='line_1_35' title="bbox 1660 1471 1698 1491; baseline 0 0"><span class='ocrx_word' id='word_1_244' title='bbox 1660 1471 1698 1491; x_wconf 88' lang='lat'>20</span> 
     </span>
    </p>
   </div>
   <div class='ocr_carea' id='block_1_7' title="bbox 1660 1798 1696 1828">
    <p class='ocr_par' dir='ltr' id='par_1_7' title="bbox 1660 1798 1696 1828">
     <span class='ocr_line' id='line_1_36' title="bbox 1660 1798 1696 1828; baseline 0 0"><span class='ocrx_word' id='word_1_245' title='bbox 1660 1798 1696 1828; x_wconf 86' lang='lat'>25</span> 
     </span>
    </p>
   </div>
   <div class='ocr_carea' id='block_1_8' title="bbox 311 2108 1699 2158">
    <p class='ocr_par' dir='ltr' id='par_1_8' title="bbox 311 2108 1699 2158">
     <span class='ocr_line' id='line_1_37' title="bbox 311 2108 1699 2158; baseline -0.001 -11"><span class='ocrx_word' id='word_1_246' title='bbox 311 2110 471 2155; x_wconf 86' lang='lat' dir='ltr'>bariam,</span> <span class='ocrx_word' id='word_1_247' title='bbox 487 2110 593 2147; x_wconf 91' lang='lat' dir='ltr'>bona</span> <span class='ocrx_word' id='word_1_248' title='bbox 610 2110 751 2148; x_wconf 89' lang='lat' dir='ltr'>civium</span> <span class='ocrx_word' id='word_1_249' title='bbox 770 2112 1040 2148; x_wconf 89' lang='lat' dir='ltr'>Romanorum</span> <span class='ocrx_word' id='word_1_250' title='bbox 1059 2111 1336 2156; x_wconf 89' lang='lat' dir='ltr'>condonasses‚</span> <span class='ocrx_word' id='word_1_251' title='bbox 1351 2110 1459 2147; x_wconf 89' lang='lat' dir='ltr'>alteri</span> <span class='ocrx_word' id='word_1_252' title='bbox 1475 2108 1635 2158; x_wconf 86' lang='lat' dir='ltr'>Syriam,</span> <span class='ocrx_word' id='word_1_253' title='bbox 1657 2120 1699 2151; x_wconf 85' lang='lat'>30</span> 
     </span>
    </p>
   </div>
   <div class='ocr_carea' id='block_1_9' title="bbox 311 2174 1638 2290">
    <p class='ocr_par' dir='ltr' id='par_1_9' title="bbox 311 2174 1638 2290">
     <span class='ocr_line' id='line_1_38' title="bbox 313 2174 1637 2225; baseline -0.001 -13"><span class='ocrx_word' id='word_1_254' title='bbox 313 2176 566 2224; x_wconf 84' lang='lat' dir='ltr'>Babylonem,</span> <span class='ocrx_word' id='word_1_255' title='bbox 594 2177 739 2222; x_wconf 83' lang='lat' dir='ltr'>Persas,</span> <span class='ocrx_word' id='word_1_256' title='bbox 764 2175 1029 2225; x_wconf 82' lang='lat' dir='ltr'>integerrimas</span> <span class='ocrx_word' id='word_1_257' title='bbox 1056 2174 1402 2225; x_wconf 84' lang='lat' dir='ltr'>pacatissimasque</span> <span class='ocrx_word' id='word_1_258' title='bbox 1429 2174 1564 2224; x_wconf 84' lang='lat' dir='ltr'>gentis,</span> <span class='ocrx_word' id='word_1_259' title='bbox 1587 2174 1637 2211; x_wconf 87' lang='lat' dir='ltr'>ad</span> 
     </span>
     <span class='ocr_line' id='line_1_39' title="bbox 311 2240 1638 2290; baseline -0.002 -12"><span class='ocrx_word' id='word_1_260' title='bbox 311 2240 576 2290; x_wconf 84' lang='lat' dir='ltr'>diripiendum</span> <span class='ocrx_word' id='word_1_261' title='bbox 598 2240 833 2287; x_wconf 72' lang='lat' dir='ltr'>tradidisses,</span> <span class='ocrx_word' id='word_1_262' title='bbox 858 2241 943 2278; x_wconf 91' lang='lat' dir='ltr'>illos</span> <span class='ocrx_word' id='word_1_263' title='bbox 968 2248 1046 2278; x_wconf 88' lang='lat' dir='ltr'>tam</span> <span class='ocrx_word' id='word_1_264' title='bbox 1069 2240 1234 2290; x_wconf 91' lang='lat' dir='ltr'>cupidos</span> <span class='ocrx_word' id='word_1_265' title='bbox 1255 2240 1435 2277; x_wconf 90' lang='lat' dir='ltr'>liminum</span> <span class='ocrx_word' id='word_1_266' title='bbox 1463 2253 1638 2277; x_wconf 91' lang='lat' dir='ltr'>meorum</span> 
     </span>
    </p>
   </div>
   <div class='ocr_carea' id='block_1_10' title="bbox 314 2343 1640 2470">
    <p class='ocr_par' dir='ltr' id='par_1_10' title="bbox 314 2343 1640 2470">
     <span class='ocr_line' id='line_1_40' title="bbox 359 2343 1640 2382; baseline -0.002 -8"><span class='ocrx_word' id='word_1_267' title='bbox 359 2354 377 2382; x_wconf 81' lang='lat'><strong>3</strong></span> <span class='ocrx_word' id='word_1_268' title='bbox 402 2345 445 2374; x_wconf 83' lang='lat' dir='ltr'>At</span> <span class='ocrx_word' id='word_1_269' title='bbox 464 2343 636 2374; x_wconf 74' lang='lat' dir='ltr'>Lelmnum</span> <span class='ocrx_word' id='word_1_270' title='bbox 811 2353 829 2382; x_wconf 86' lang='lat'><strong>5</strong></span> <span class='ocrx_word' id='word_1_271' title='bbox 856 2354 940 2373; x_wconf 82' lang='lat' dir='ltr'>nova</span> <span class='ocrx_word' id='word_1_272' title='bbox 958 2353 1075 2373; x_wconf 86' lang='lat' dir='ltr'>manus</span> <span class='ocrx_word' id='word_1_273' title='bbox 1093 2346 1130 2373; x_wconf 80' lang='lat' dir='ltr'>ut</span> <span class='ocrx_word' id='word_1_274' title='bbox 1147 2344 1305 2373; x_wconf 80' lang='lat' dir='ltr'>Graevius</span> <span class='ocrx_word' id='word_1_275' title='bbox 1319 2344 1364 2373; x_wconf 83' lang='lat' dir='ltr'>ila</span> <span class='ocrx_word' id='word_1_276' title='bbox 1379 2343 1417 2374; x_wconf 82' lang='lat' dir='ltr'>k:</span> <span class='ocrx_word' id='word_1_277' title='bbox 1445 2353 1530 2372; x_wconf 85' lang='lat' dir='ltr'>nova</span> <span class='ocrx_word' id='word_1_278' title='bbox 1555 2352 1640 2372; x_wconf 65' lang='lat' dir='ltr'>*nus</span> 
     </span>
     <span class='ocr_line' id='line_1_41' title="bbox 316 2385 1640 2425; baseline -0.002 -7"><span class='ocrx_word' id='word_1_279' title='bbox 316 2387 358 2417; x_wconf 70' lang='lat' dir='ltr'>Pl</span> <span class='ocrx_word' id='word_1_280' title='bbox 395 2392 562 2418; x_wconf 73' lang='lat' dir='ltr'>(novanos</span> <span class='ocrx_word' id='word_1_281' title='bbox 592 2388 667 2417; x_wconf 53' lang='lat' dir='ltr'>Hi:</span> <span class='ocrx_word' id='word_1_282' title='bbox 704 2398 789 2417; x_wconf 85' lang='lat' dir='ltr'>nova</span> <span class='ocrx_word' id='word_1_283' title='bbox 824 2387 913 2417; x_wconf 55' lang='lat' dir='ltr'>Bit:</span> <span class='ocrx_word' id='word_1_284' title='bbox 948 2397 1037 2417; x_wconf 86' lang='lat' dir='ltr'>nova</span> <span class='ocrx_word' id='word_1_285' title='bbox 1069 2387 1118 2416; x_wconf 89' lang='lat' dir='ltr'>vis</span> <span class='ocrx_word' id='word_1_286' title='bbox 1150 2385 1300 2416; x_wconf 72' lang='lat' dir='ltr'><strong><em>P26Mb2</em></strong></span> <span class='ocrx_word' id='word_1_287' title='bbox 1399 2397 1439 2415; x_wconf 70' lang='grc' dir='ltr'>ρο</span> <span class='ocrx_word' id='word_1_288' title='bbox 1472 2386 1640 2425; x_wconf 74' lang='lat' dir='ltr'>exprobro</span> 
     </span>
     <span class='ocr_line' id='line_1_42' title="bbox 314 2430 755 2470; baseline 0.002 -11"><span class='ocrx_word' id='word_1_289' title='bbox 314 2431 460 2462; x_wconf 70' lang='lat' dir='ltr'>Ernesti:</span> <span class='ocrx_word' id='word_1_290' title='bbox 487 2441 649 2470; x_wconf 84' lang='lat' dir='ltr'>expromo</span> <span class='ocrx_word' id='word_1_291' title='bbox 669 2430 755 2460; x_wconf 79' lang='lat' dir='ltr'><em>codd.</em></span> 
     </span>
    </p>
   </div>
  </div>
 </body>
</html>
