1774 2782
268 137 317 174 52
340 144 396 175 135
708 129 762 165 M.
794 128 962 164 TVLLI
996 126 1301 165 C1CERON1s

335 238 493 284 videret,
517 236 678 286 fierique
699 235 891 285 particeps
913 235 1055 273 invitus
1076 234 1193 273 alieni
1214 233 1368 272 sceleris
1389 240 1600 282 cogeretur,
1624 240 1661 271 et

335 303 578 352 gravissimas
600 314 746 350 poenas
766 301 979 337 adfinitatis
1001 299 1286 349 impurissimae
1307 299 1544 336 sustineret?

254 349 316 438 ¹53}
389 368 466 404 Sed
484 374 524 403 ut
539 373 706 403 revertar
721 365 771 402 ad
789 364 847 401 ius
862 364 1064 413 publicum
1081 364 1306 410 dedicandi,
1325 363 1432 413 quod
1448 361 1519 411 ipsi
1538 361 1662 411 ponti-

276 432 282 439 “
337 431 426 468 fices
452 443 605 480 semper
630 443 708 468 non
737 430 864 467 solum
894 429 945 466 ad
975 442 1063 466 suas
1093 429 1351 467 caerimonias
1378 428 1447 465 sed
1473 426 1590 465 etiam
1611 427 1661 464 ad

334 497 467 545 populi
508 495 612 533 iussa
649 494 1064 539 adcommodaverunt‚
1103 493 1256 531 habetis
1292 494 1332 530 in
1370 490 1661 530 commentariis
1683 505 1700 538 5

334 561 468 598 vestris
486 561 529 598 (j.
547 560 727 598 Cassium
750 571 953 596 censorem
970 559 1020 595 de
1037 558 1149 607 signo
1170 558 1418 597 Concordiae
1438 556 1662 595 dedicando

333 626 384 663 ad
424 627 671 675 pontificum»
694 625 918 674 conlegium
958 624 1166 671 rettulisse,
1198 623 1312 672 eique
1354 624 1411 661 M.
1448 621 1661 660 Aemilium

335 691 561 740 pontificem
594 691 805 727 maximum
843 701 913 738 pro
951 688 1132 738 conlegio
1166 689 1426 738 respondisse,
1463 685 1537 724 nisi
1571 699 1661 724 eum

334 757 504 805 populus
530 757 735 792 Romanus
764 753 996 791 nominatim
1026 752 1274 803 praefecisset
1297 760 1416 802 atque
1442 751 1525 789 eius
1555 750 1661 789 iussu

334 822 487 866 faceret,
512 833 592 858 non
617 818 737 858 videri
765 831 850 857 eam
879 831 994 868 posse
1022 826 1126 857 recte
1150 817 1334 856 dedicari.
1393 816 1531 866 Quid?
1571 829 1661 853 curn
1687 830 1722 853 10

338 885 497 932 Licinia,
521 885 627 934 virgo
649 885 816 922 Vestalis
842 897 998 921 summo
1025 885 1113 921 loco
1141 890 1242 929 nata,
1269 883 1515 920 sanctissimo
1543 894 1663 919 sacer-

335 952 446 989 dotio
471 950 656 1000 praedita,
679 951 726 986 T.
751 948 945 986 Flaminio
968 949 1016 996 Q.
1043 949 1208 985 Metello
1236 946 1464 985 consulibus
1494 959 1599 984 aram
1624 953 1662 984 et

335 1016 553 1053 aediculam
577 1023 613 1052 et
635 1014 812 1063 pulvinar
840 1013 913 1050 sub
939 1011 1040 1050 Saxo
1061 1013 1294 1058 dedicasset,
1318 1025 1452 1050 nonne
1472 1024 1557 1049 eam
1580 1023 1661 1048 rem

336 1095 380 1119 ex
402 1081 630 1118 auctoritate
652 1087 810 1117 senatus
831 1079 881 1116 ad
908 1080 983 1116 hoc
1005 1079 1229 1127 conlegium
1253 1079 1337 1115 Sex.
1365 1078 1487 1114 Iulius
1509 1084 1662 1126 praetor

336 1146 514 1184 rettulit?
552 1158 642 1182 cum
676 1146 717 1181 P.
744 1145 931 1182 Scaevola
959 1143 1134 1192 pontifex
1162 1143 1353 1180 maximus
1382 1155 1452 1192 pro
1481 1141 1662 1190 conlegio
1687 1156 1721 1187 ¹5

336 1211 548 1260 respondit,
592 1210 716 1257 Qvo»
754 1220 795 1245 lN
839 1220 943 1246 Loco
986 1219 1159 1245 Pvssmco
1203 1209 1381 1254 L1C1N1A‚
1415 1208 1493 1245 GM
1538 1218 1659 1254 ΗΜΛ,

338 1287 497 1313 1N1vssv
516 1286 659 1312 Popvm
684 1285 946 1319 DEDICASSET,
972 1285 1136 1311 SACRVM
1160 1284 1247 1310 NON
1271 1284 1487 1309 VIDERlER.
1529 1273 1661 1320 Quam

336 1342 497 1390 quidem
513 1353 592 1377 rem
608 1348 753 1389 quanta
767 1340 991 1376 tractaverit
1002 1338 1205 1377 severitate
1219 1345 1447 1388 quantaque
1461 1338 1662 1388 diligentia

338 1414 506 1452 senatus,
531 1419 577 1443 ex
599 1407 683 1454 ipso
705 1412 862 1442 senatus
884 1405 1066 1442 consulto
1087 1403 1200 1442 facile
1220 1403 1478 1453 cognoscetis.

257 1482 315 1515 137
391 1470 596 1509 Videtisne
618 1470 783 1519 praetori
813 1469 963 1507 urbano
988 1468 1188 1518 negotium
1217 1470 1353 1507 datum
1376 1477 1416 1506 ut
1441 1475 1591 1506 curaret
1611 1481 1661 1506 ne
1683 1481 1723 1503 20

337 1538 376 1574 id
406 1549 558 1574 sacrum
588 1543 700 1582 esset,
725 1543 762 1572 et
790 1542 841 1580 ut,
865 1535 895 1572 si
917 1547 1018 1584 quae
1039 1542 1168 1572 essent
1197 1534 1342 1572 incisae
1368 1541 1434 1572 aut
1455 1535 1662 1583 inscriptae

336 1603 494 1647 litterae,
515 1602 772 1638 tollerentur?
820 1600 856 1638 O
873 1608 1060 1650 tempora,
1079 1614 1104 1638 o
1120 1612 1246 1638 mores
1267 1603 1273 1637 1
1322 1601 1427 1637 Tum
1445 1612 1662 1646 censorem,

336 1666 538 1703 hominem
575 1664 876 1711 sanctissimum,
910 1666 1163 1703 simulacrum
1200 1665 1449 1703 Concordiae
1478 1665 1662 1703 dedicare

336 1732 542 1780 pontifices
573 1732 611 1768 in
642 1731 790 1779 templo
820 1730 1050 1780 inaugurato
1081 1729 1374 1779 prohibuerunt,
1408 1737 1495 1778 post
1528 1737 1660 1768 autem

336 1804 493 1834 senatus
516 1795 554 1832 in
576 1797 664 1833 loco
680 1802 846 1845 augusto
866 1803 1133 1833 consecratam
1153 1796 1228 1832 iam
1250 1808 1355 1833 aram
1378 1795 1592 1833 tollendam
1614 1807 1660 1832 ex
1683 1805 1720 1837 25

335 1861 565 1899 auctoritate
587 1860 819 1910 pontificum
843 1860 995 1898 censuit
1018 1873 1147 1909 neque
1169 1862 1290 1897 ullum
1314 1867 1371 1898 est
1393 1873 1528 1910 passus
1549 1873 1595 1897 ex
1615 1871 1660 1896 ea

335 1926 584 1964 dedicatione
615 1927 827 1964 litterarum
858 1934 1007 1964 exstare
1038 1933 1369 1964 monumentum:
1405 1933 1456 1971 tu,
1490 1926 1660 1974 procella

336 1991 490 2039 patriae,
507 1991 622 2029 turbo
639 2003 683 2028 ac
705 1998 915 2040 tempestas
934 1990 1039 2040 pacis
1059 1998 1178 2039 atque
1194 1991 1259 2036 oti,
1279 1991 1386 2039 quod
1405 1990 1441 2027 in
1460 1990 1660 2038 naufragio

377 2103 396 2132 3
422 2094 597 2124 dedicandi
624 2093 664 2122 Μ
684 2092 795 2124 Mmll.
824 2095 856 2130 (ξ
880 2095 954 2132 138)
982 2094 1151 2124 iudicandi
1176 2094 1241 2124 rell.
1381 2104 1419 2123 10
1447 2104 1519 2123 eam
1545 2093 1631 2123 Bait.
1652 2104 1658 2123 ε

334 2148 372 2168 ea
395 2137 480 2168 codd.
560 2142 651 2167 recte
670 2147 770 2176 posse
787 2137 865 2167 ku
881 2137 987 2177 Klotz,
1009 2137 1145 2177 improb.
1166 2136 1318 2167 Ziclinsk.
1401 2138 1438 2166 18
1464 2137 1657 2166 tractaverit

333 2181 512 2211 severitate
536 2180 722 2210 Dreclzsler:
747 2180 919 2211 sustulerit
943 2185 1019 2220 post
1043 2192 1114 2213 sen.
1139 2180 1294 2211 consulto
1319 2179 1395 2211 add.
1421 2180 1499 2210 ku
1525 2179 1594 2210 edd.
1614 2180 1656 2211 R.

331 2229 359 2254 et
378 2225 512 2264 V.‚post
526 2229 664 2254 senatus
677 2223 867 2264 Naugerius
886 2225 932 2263 (Ι)
955 2225 1075 2263 (egerit
1087 2224 1205 2262 Halm,
1223 2228 1422 2263 persecutus
1439 2225 1480 2254 sit
1497 2222 1632 2260 Lamb.)
1649 2234 1655 2253 :

332 2279 393 2307 qua
411 2269 547 2308 quidem
565 2269 598 2297 in
613 2278 649 2297 re
663 2290 670 2297 .
688 2291 694 2297 .
711 2292 717 2298 .
738 2278 810 2298 sen.
833 2268 932 2297 suerit
949 2269 1027 2299 coni.
1046 2267 1158 2298 Muell.
1295 2278 1332 2305 19
1353 2270 1429 2305 post
1440 2267 1654 2304 cognoscetis

330 2312 433 2352 suppl.
462 2311 580 2342 Lamb.
614 2311 734 2341 Recita
766 2316 902 2341 senatus
929 2311 1130 2342 consultum.
1175 2311 1333 2341 SENATVS
1358 2319 1572 2341 CONSVLTVM.
1612 2309 1655 2339 Et

327 2360 431 2395 [otest
441 2355 572 2394 quidem
584 2354 737 2384 e.1·c2·d1'sse
746 2354 848 2384 littera
866 2354 918 2383 .R-
939 2356 949 2393 ιζ
964 2370 983 2378 τ
1001 2353 1127 2390 Recita)
1197 2363 1237 2392 25
1256 2355 1318 2384 iarn
1335 2354 1422 2385 Bait.
1440 2365 1445 2383 :
1472 2363 1544 2383 eam
1561 2352 1648 2383 codd.
