1774 2782
322 147 394 182 DE
430 145 795 183 HARVSPICVM
830 144 1115 182 RESPONSO
1147 144 1363 182 ORATIO
1450 154 1499 190 23
1520 160 1561 190 49

177 253 451 291 exstinctorem
488 252 635 291 nefario
669 254 814 290 scelere
850 253 1056 298 foedasset,
1091 251 1198 289 illum
1229 252 1358 298 etiam,
1393 253 1499 290 illum

176 326 423 355 externorum
453 318 645 355 bellorum
678 317 931 367 hostiumque
963 317 1151 355 victorem
1178 316 1388 366 adfligere5
1417 325 1500 355 tum

175 390 231 420 est
254 382 317 420 illa
337 382 376 419 in
404 384 551 432 templo
571 382 745 422 Castoris
770 384 957 420 scelerata
984 390 1021 420 et
1051 396 1174 431 paene
1198 382 1360 421 deletrix
1388 382 1501 420 huius

176 446 309 496 imperi
332 446 410 485 sica
431 448 647 496 deprensa:
677 456 758 485 tum
778 447 840 485 ille
853 448 913 484 cui
936 448 1042 484 nulla
1059 448 1230 485 hostium
1249 448 1394 485 diutius
1411 448 1501 485 urbs

137 528 154 559 5
175 524 361 560 umquam
385 511 455 549 fuit
482 513 623 558 clausa,
647 512 711 561 qui
739 511 866 550 omnis
888 511 1096 561 angustias,
1121 511 1249 549 omnis
1274 512 1500 551 altitudines

175 576 373 614 moenium
405 576 578 614 obiectas
608 590 761 626 semper
791 577 826 614 vi
855 590 901 614 ac
932 578 1072 614 virtute
1103 576 1293 626 perfregit,
1318 577 1501 615 obsessus

174 640 256 690 ipse
280 649 337 679 est
362 640 468 679 domi
498 654 640 690 meque
671 654 750 680 non
782 642 887 678 nulla
918 640 1188 691 imperitorum
1216 640 1502 691 vituperatione

174 705 391 744 timiditatis
413 719 522 744 meae
544 706 709 745 consilio
730 716 767 745 et
790 709 893 744 facto
915 719 986 744 suo
1008 706 1196 744 liberavit.
1258 708 1360 744 Nam
1379 707 1409 744 si
1427 708 1500 746 Cn.

176 770 374 821 Pompeio,
399 770 480 809 viro
501 772 567 809 uni
590 773 767 810 omnium
795 771 1007 809 fortissimo
1033 771 1276 822 quicumque
1298 772 1376 810 nati
1398 781 1499 819 sunt,

119 853 156 874 10
175 836 358 874 miserum
374 835 495 885 magis
512 836 581 874 fuit
603 850 719 886 quam
738 845 859 887 turpe,
879 850 997 886 quam
1015 837 1082 875 diu
1100 837 1163 875 ille
1180 837 1359 875 tribunus
1377 838 1501 887 plebis

175 903 255 947 fuit,
273 903 399 940 lucem
423 915 502 940 non
522 901 706 951 aspicere,
724 915 854 941 carere
878 902 1049 952 publico,
1070 902 1194 940 minas
1217 902 1299 940 eius
1321 905 1498 952 perferre,

173 980 263 1005 cum
298 968 337 1004 in
371 966 625 1005 contionibus
655 967 802 1006 diceret
835 968 933 1005 velle
968 980 1009 1005 se
1031 967 1069 1004 in
1104 967 1258 1007 Carinis
1294 969 1501 1006 aedificare

172 1033 331 1069 alteram
353 1031 557 1080 porticum,
581 1046 681 1081 quae
704 1032 853 1070 Palatio
874 1033 1140 1081 responderet,
1158 1040 1262 1070 certe
1284 1032 1377 1070 mihi
1401 1033 1501 1071 exire

173 1097 294 1135 domo
312 1110 398 1135 mea
414 1098 463 1135 ad
479 1097 671 1147 privatum
694 1099 872 1136 dolorem
895 1097 965 1135 fuit
987 1099 1222 1145 luctuosum,
1241 1099 1292 1136 ad
1309 1098 1498 1136 rationem

115 1177 151 1210 15
172 1162 225 1200 rei
247 1161 427 1211 publicae
440 1162 662 1212 gloriosum.
714 1162 867 1201 Videtis
885 1163 997 1212 igitur
1014 1162 1215 1201 hominem
1234 1177 1302 1213 per
1315 1177 1356 1202 se
1373 1163 1498 1213 ipsum

173 1226 249 1264 iam
278 1226 428 1276 pridem
458 1226 661 1265 adflictum
691 1240 736 1265 ac
767 1227 960 1266 iacentem
992 1227 1220 1277 perniciosis
1251 1228 1497 1277 optimatium

172 1290 377 1329 discordiis
398 1291 567 1338 excitari,
591 1292 701 1329 cuius
727 1291 836 1329 initia
861 1292 997 1330 furoris
1025 1292 1338 1331 dissensionibus
1364 1307 1498 1332 eorum

172 1355 237 1405 qui
253 1364 335 1393 tum
349 1369 371 1394 a
384 1355 495 1394 vobis
512 1355 677 1394 seiuncti
691 1355 926 1395 videbantur
940 1364 1156 1395 sustentata
1168 1365 1269 1395 sunt.
1332 1358 1500 1407 Reliqua

173 1420 249 1459 iam
282 1420 571 1471 praecipitantis
602 1421 823 1460 tribunatus
850 1422 968 1460 etiam
994 1431 1081 1472 post
1105 1423 1347 1461 tribunatum
1374 1424 1499 1461 obtre—

112 1503 152 1526 20
172 1494 339 1525 ctatores
359 1499 495 1524 eorum
511 1494 630 1536 atque
644 1487 854 1526 adversarii
875 1489 1137 1526 defenderunt
1153 1503 1162 1536 3
1184 1502 1233 1527 ne
1249 1502 1270 1526 a
1287 1503 1326 1527 re
1342 1489 1500 1538 publica

173 1552 225 1590 rei
248 1552 429 1602 publicae
451 1552 569 1603 pestis
589 1561 853 1591 removeretur
873 1553 1106 1599 restiterunt,
1131 1553 1249 1591 etiam
1273 1567 1321 1593 ne
1341 1567 1498 1592 causam

172 1617 330 1665 diceret,
357 1617 473 1656 etiam
499 1631 548 1656 ne
573 1617 742 1667 privatus
770 1627 882 1657 esset.
944 1618 1126 1657 Etiamne
1149 1620 1187 1656 in
1209 1619 1294 1657 sinu
1322 1627 1440 1668 atque
1462 1619 1500 1657 in

171 1682 320 1721 deliciis
337 1682 496 1732 quidam
518 1682 655 1732 optimi
672 1682 740 1720 viri
758 1683 929 1733 viperam
948 1683 1052 1721 illam
1071 1691 1303 1722 venenatam
1325 1698 1369 1721 ac
1387 1684 1499 1734 pesti-

172 1748 291 1785 feram
328 1747 472 1786 habere
506 1750 746 1798 potuerunt?
803 1762 882 1797 quo
917 1749 1078 1787 tandem
1118 1748 1274 1798 decepti
1309 1752 1498 1787 munere?

113 1827 150 1857 25
174 1814 182 1830 ‘
196 1813 323 1859 Volo,'
341 1811 533 1862 inquiunt,
556 1816 661 1851 ‘esse
678 1812 743 1861 qui
761 1812 800 1850 in
817 1813 1001 1851 contione
1018 1815 1197 1852 detrahat
1214 1815 1264 1852 de
1282 1813 1495 1863 Pompeio.y

172 1877 362 1914 Detrahat
378 1877 441 1915 ille
459 1877 746 1927 vituperando?
803 1877 932 1915 Velim
949 1878 1003 1915 sic
1021 1880 1095 1916 hoc
1113 1878 1168 1915 vir
1188 1892 1364 1916 summus
1380 1887 1498 1927 atque

171 1941 320 1991 optime
336 1943 386 1980 de
402 1956 491 1981 mea
507 1944 631 1981 salute
648 1943 808 1981 meritus
828 1943 994 1993 accipiat
1010 1952 1052 1980 ut
1068 1957 1089 1981 a
1107 1948 1169 1981 sne
1185 1943 1345 1990 dicitur3
1367 1944 1495 1982 dicam

171 2006 331 2055 quidem
353 2016 456 2046 certe
477 2009 584 2057 quod
606 2009 742 2047 sentio.
799 2008 899 2046 Mihi
915 2022 977 2046 me
994 2008 1081 2046 dius
1098 2007 1213 2046 fidius
1230 2016 1312 2045 tum
1331 2009 1380 2046 de
1397 2008 1497 2046 illius

169 2072 409 2122 amplissima
430 2073 619 2123 dignitate
641 2074 844 2112 detrahere
865 2087 954 2111 cum
981 2073 1089 2110 illurn
1113 2072 1292 2110 maximis
1313 2073 1495 2111 laudibus

110 2150 150 2180 30
171 2138 366 2176 ecferebat
388 2138 603 2177 videbatur.
663 2141 804 2177 Vtrum
827 2141 986 2177 tandem
1012 2140 1055 2178 C.
1082 2138 1231 2176 Marius
1255 2138 1497 2187 splendidior

214 2254 231 2280 4
258 2242 426 2281 deprensa
440 2242 523 2273 PB:
548 2242 761 2281 deprehensa
780 2243 799 2272 k
815 2242 862 2272 cd.
883 2243 924 2273 R.
1069 2253 1087 2281 5
1114 2242 1309 2272 altitudines
1328 2242 1494 2272 moenium

172 2285 319 2316 obiectas
346 2286 456 2317 End:
489 2285 545 2315 alt.
578 2286 721 2315 omnium
750 2287 883 2316 obiecta
909 2285 997 2316 codd.
1135 2296 1175 2315 22
1209 2286 1282 2315 sinu
1312 2285 1496 2324 Angelius:

170 2334 288 2359 senatu
306 2328 393 2359 codd.
505 2329 546 2358 28
570 2329 648 2367 quid
666 2327 799 2358 PBHG
918 2338 960 2368 29
985 2328 1075 2358 illum
1096 2328 1237 2359 HGEbk
1253 2341 1259 2358 :
1285 2339 1348 2359 0111.
1370 2328 1403 2357 P
1417 2329 1472 2359 all.
1491 2341 1496 2358 :

171 2382 246 2402 eum
265 2373 342 2403 com'.
363 2372 448 2402 Bait.
582 2381 624 2410 30
648 2371 748 2402 ecfer.
770 2371 818 2401 P:
844 2372 938 2402 esser.
958 2371 1047 2401 BHk
1159 2373 1294 2402 tandem
1313 2372 1494 2411 Ange-llus:

172 2422 284 2446 tamen
303 2415 391 2445 roda.
429 2421 495 2445 tum
516 2414 621 2451 Mfflkq

1521 1138 1572 1175 24

1522 1199 1561 1229 50

1519 2153 1553 2183 51
