1774 2782
265 146 339 182 DE
371 144 537 183 DOMO
569 144 672 182 SVA
703 144 779 180 AD
815 143 1149 181 PONTIFICES
1180 143 1396 181 ORATIO
1442 152 1495 189 50
1521 157 1578 188 ¹29

167 265 260 292 cum
284 253 477 303 Byzantiis
498 252 695 291 exsulibus
717 260 754 290 et
776 266 865 290 cum
888 252 1022 301 legatis
1044 251 1233 301 Brogitari
1255 253 1408 298 faceret,
1427 253 1496 290 sed

168 331 294 357 vacuo
320 317 453 355 animo
482 317 552 355 tibi
579 318 650 355 ista
677 330 757 354 non
787 316 883 354 scita
912 317 981 354 sed
1014 323 1192 365 portenta
1220 316 1494 361 conscriberet,

168 396 273 421 esses
293 382 436 429 omnia,
456 383 486 420 si
508 382 637 420 minus
658 395 708 428 re,
723 389 761 420 at
783 381 909 419 verbis
928 380 1109 430 legitimis
1130 388 1377 419 consecutus.
1417 381 1495 418 Sed

169 460 249 485 uno
278 455 454 497 tempore
488 446 690 485 cautiones
721 447 867 484 fiebant
904 445 1169 495 pecuniarum,
1202 446 1360 483 foedera
1390 444 1495 482 ferie-

129 526 146 558 5
169 513 310 550 bantur
348 513 645 562 provinciarum,
684 525 815 562 regum
855 512 1138 561 appellationes
1177 511 1334 548 venales
1373 518 1492 557 erant,

167 591 366 616 servorum
387 578 565 616 omnium
586 578 742 616 vicatim
765 577 1035 615 celebrabatur
1056 584 1136 614 tota
1157 576 1253 614 urbe
1280 575 1492 625 discriptio,

166 643 314 681 inimici
328 643 367 681 in
379 644 542 693 gratiam
556 641 921 689 reconciliabantur,
937 641 1098 691 imperia
1111 640 1382 678 scribebantur
1395 654 1495 678 nova

166 709 368 755 iuventuti,
380 710 431 757 Q.
441 708 531 747 Seio
545 721 740 746 venenum
755 707 897 745 misero
911 707 1129 757 parabatur,
1140 707 1190 744 de
1205 707 1278 745 Cn.
1290 706 1491 755 Pompeio,

167 781 457 825 propugnatore
487 781 524 812 et
553 774 720 811 custode
749 771 898 822 imperi,
931 772 1204 810 interficiendo
1234 770 1397 808 consilia
1427 770 1493 808 ini-

110 854 148 875 10
167 839 318 885 bantur,
341 847 499 876 senatus
527 852 576 876 ne
603 837 698 887 quid
727 844 839 883 esset,
869 843 911 874 ut
939 838 1115 886 lugerent
1143 849 1296 885 semper
1323 835 1429 881 boni,
1453 844 1493 873 ut

166 911 280 954 capta
314 917 374 942 res
403 903 560 954 publica
595 904 803 941 consulum
834 901 1057 952 proditione
1086 903 1121 939 vi
1153 901 1361 939 tribunicia
1390 909 1494 938 tene-

165 976 276 1007 retur.
338 970 452 1006 Haee
481 982 571 1006 cum
599 976 656 1006 tot
684 975 869 1017 tantaque
898 974 1114 1016 agerentur,
1145 979 1225 1003 non
1252 967 1393 1003 mirum
1422 973 1490 1011 est,

163 1033 389 1083 praesertim
420 1034 460 1071 in
489 1034 615 1070 furore
644 1032 766 1071 animi
796 1039 834 1070 et
864 1032 1063 1078 caecitate,
1097 1032 1220 1069 multa
1248 1032 1357 1068 illum
1387 1039 1424 1068 et
1455 1039 1493 1068 te

163 1098 354 1137 fefellisse.

109 1175 144 1207 15
218 1165 269 1201 At
290 1162 420 1201 videte
441 1170 588 1213 quanta
608 1162 656 1200 sit
677 1162 734 1200 vis
751 1162 866 1200 huius
885 1163 1061 1212 Papiriae
1078 1161 1172 1211 legis
1194 1162 1232 1198 in
1255 1174 1293 1198 re
1314 1161 1390 1207 tali,
1411 1174 1491 1198 non
1517 1169 1575 1199 ¹30

164 1230 320 1277 qualern
352 1236 393 1265 tu
424 1228 552 1265 adfers
585 1227 740 1265 sceleris
772 1229 929 1277 plenam
965 1234 1002 1264 et
1034 1228 1181 1264 furoris.
1243 1227 1292 1274 Q.
1319 1227 1491 1264 Marcius

163 1305 303 1330 censor
326 1292 480 1342 signum
509 1291 758 1331 Concordiae
785 1293 928 1330 fecerat
957 1293 1076 1341 idque
1104 1291 1143 1328 in
1173 1291 1332 1341 publico
1360 1293 1490 1330 conlo-

163 1365 279 1395 carat.
340 1359 432 1396 Hoc
453 1357 607 1407 signum
629 1356 675 1396 C.
695 1357 855 1396 Cassius
871 1369 1012 1394 censor
1032 1370 1122 1393 cum
1145 1357 1183 1393 in
1204 1356 1349 1393 curiam
1374 1364 1492 1393 trans-

164 1424 326 1468 tulisset,
350 1424 572 1473 conlegium
594 1430 766 1460 vestrum
788 1421 985 1459 consuluit
1007 1434 1101 1459 num
1123 1421 1219 1471 quid
1240 1434 1325 1459 esse
1350 1434 1491 1459 causae

106 1505 145 1527 20
163 1488 360 1527 videretur
379 1488 475 1538 quin
501 1488 542 1527 id
570 1488 723 1538 signum
752 1488 980 1536 curiamque
1008 1486 1257 1526 Concordiae
1278 1486 1487 1525 dedicaret.

163 1555 334 1603 Quaeso,
359 1554 575 1604 pontificeS,
599 1562 636 1592 et
658 1554 861 1591 hominem
878 1566 969 1590 cum
987 1552 1148 1590 homine
1165 1560 1202 1590 et
1224 1560 1378 1602 tempus
1399 1565 1487 1589 cum
1509 1558 1551 1596 51

163 1627 340 1669 tempore
361 1627 400 1658 et
421 1633 501 1657 rem
522 1633 613 1658 cum
635 1632 675 1657 re
696 1626 934 1668 comparate.
988 1619 1060 1656 Ille
1081 1626 1160 1656 erat
1183 1630 1337 1655 summa
1358 1619 1489 1655 mode-

163 1686 236 1722 stia
252 1692 289 1723 et
305 1685 491 1734 gravitate
506 1698 645 1723 censor
662 1700 669 1722 ;
692 1683 755 1722 hic
772 1683 952 1722 tribunus
969 1682 1093 1733 plebis
1111 1684 1255 1721 scelere
1272 1690 1309 1720 et
1325 1683 1489 1720 audacia

164 1750 361 1800 singulari.
418 1752 594 1800 Tempus
629 1750 726 1789 illud
761 1757 841 1788 erat
876 1749 1128 1798 tranquillum
1163 1755 1201 1786 et
1233 1747 1272 1785 in
1312 1747 1489 1786 libertate

105 1828 143 1858 ²5
163 1815 299 1865 populi
324 1823 361 1854 et
388 1815 674 1865 gubernatione
703 1814 876 1864 positum
905 1821 1086 1852 senatus:
1117 1820 1229 1850 tuum
1256 1826 1372 1863 porro
1396 1821 1489 1850 tem-

164 1894 236 1930 pus
266 1880 443 1919 libertate
473 1881 607 1930 populi
643 1879 813 1918 Romani
845 1891 1042 1929 oppressa,
1071 1885 1231 1915 senatus
1259 1879 1489 1916 auctoritate

163 1945 302 1984 deleta.
354 1947 434 1983 Res
455 1944 519 1982 illa
540 1946 655 1995 plena
672 1944 850 1992 iustitiae,
875 1943 1100 1994 sapientiae,
1119 1942 1317 1992 dignitatis
1335 1942 1489 1993 (censor
1513 1960 1568 1989 131

151 2011 279 2057 anim,
303 2023 424 2060 penes
445 2023 564 2059 quern
586 2012 752 2048 maiores
769 2009 902 2057 nostri,
921 2009 960 2048 id
982 2010 1091 2058 quod
1108 2015 1149 2046 tu
1171 2007 1369 2054 sustulisti,
1394 2006 1488 2044 iudi-

164 2075 268 2113 cium
286 2083 443 2114 senatus
457 2077 508 2114 de
524 2076 713 2125 dignitate
729 2088 814 2114 esse
831 2076 1048 2120 voluerunt,
1067 2072 1316 2113 Concordiae
1334 2072 1486 2121 signum

103 2157 144 2186 30
164 2140 319 2179 volebat
336 2140 376 2179 in
388 2140 495 2178 curia
511 2141 738 2190 curiamque
752 2139 787 2179 ei
804 2141 901 2178 deae
914 2138 1126 2189 dedicare),
1146 2139 1341 2188 praeclara
1355 2138 1486 2174 volun-

211 2255 220 2273 ι
251 2244 417 2282 Brogitari
436 2244 543 2273 Halm
563 2243 664 2283 (Har.
684 2243 781 2283 Resp.
805 2246 819 2280 ξ
839 2245 902 2281 28;
928 2242 1015 2273 Sest.
1034 2244 1117 2282 §563
1135 2254 1141 2272 ς
1174 2242 1329 2281 rogitatis
1348 2240 1486 2278 (rogatis

162 2287 235 2321 Hk)
252 2286 340 2318 codd.
356 2286 538 2326 praeterPl
554 2287 743 2326 (rogitaris)
874 2288 895 2316 6
914 2297 1088 2316 servorum
1103 2286 1265 2325 Angelius
1280 2296 1286 2315 :
1312 2294 1487 2314 sermones

160 2330 248 2361 codd.
323 2331 505 2370 descriptio
524 2330 614 2362 codd.
741 2341 756 2368 7
789 2329 1024 2360 scribebantur
1050 2328 1192 2361 Lamh.:
1224 2328 1365 2359 adscrib.
1395 2326 1480 2358 codd.

161 2374 296 2413 (imperi
314 2374 420 2405 adscr.
441 2374 497 2404 Pb:
517 2386 522 2404 :
540 2374 681 2404 describ.
702 2372 816 2404 Garat.
926 2375 964 2403 16
991 2373 1031 2411 Q.
1052 2384 1114 2404 om.
1134 2372 1179 2402 Bt
1281 2382 1322 2409 29
1348 2376 1484 2400 senatus

162 2418 204 2447 de
223 2418 388 2455 dignitate
407 2421 443 2447 ut
461 2417 558 2447 GMw
575 2419 618 2446 ιἸιι
637 2416 810 2446 PBkut:
829 2416 1018 2447 senatoriae
1038 2416 1210 2454 dignitatis,
1228 2415 1340 2445 Madv.
1433 2414 1486 2442 his

162 2472 237 2490 esse
256 2461 294 2490 l²¹
313 2472 319 2491 z
345 2461 394 2490 his
412 2461 470 2490 dcl.
491 2461 534 2490 Ρ“·’
