1774 2782
283 161 305 196 3

283 377 307 413 4

289 428 306 455 8

332 164 346 196 7
430 206 432 209 r
692 153 747 188 M.
780 151 946 187 TVLLI
980 150 1284 187 CICERONIS

327 270 385 301 est
408 271 561 313 tempus
581 262 742 312 aliquod
764 276 843 311 quo
873 261 910 298 in
940 268 1117 299 senatum
1141 260 1293 298 venisse
1319 268 1428 309 turpe
1454 259 1514 306 sit,
1537 274 1585 298 an
1608 274 1653 298 ea

328 341 386 365 res
407 334 487 365 erat
508 327 572 364 illa
593 328 642 364 de
663 340 741 376 qua
760 326 948 375 agebatur
974 333 1014 362 ut
1043 338 1123 362 rem
1145 324 1269 373 ipsam
1291 325 1496 373 repudiare
1521 332 1558 362 et
1586 338 1653 362 eos

328 390 395 440 qui
415 391 583 440 agebant
604 391 871 428 condemnare
887 390 1102 428 deberem?
1161 388 1335 426 Primum
1356 389 1447 426 dico
1464 388 1653 426 senatoris

328 470 412 494 esse
440 455 535 494 boni
556 469 710 505 semper
730 455 769 492 in
791 462 971 493 senatum
993 453 1134 500 venire,
1154 467 1227 491 nec
1248 467 1337 491 cum
1360 453 1419 491 his
1440 454 1566 491 sentio
1587 452 1654 502 qui

329 529 504 559 statuunt
536 521 665 558 minus
700 520 813 559 bonis
846 519 1088 569 temporibus
1120 518 1158 556 in
1195 526 1373 557 senatum
1410 518 1538 567 ipsum
1574 532 1654 556 non

330 586 471 633 venire,
494 600 574 624 non
596 586 866 635 intellegentes
888 586 989 622 hanc
1011 598 1121 622 suam
1143 584 1304 622 nimiam
1326 583 1653 633 perseverantiam

330 653 582 690 vehementer
604 651 648 688 iis
669 664 838 700 quorum
866 649 1044 687 animum
1072 650 1271 687 offendere
1293 648 1487 687 voluerint
1511 657 1549 686 et
1576 662 1655 698 gra-

331 725 408 755 tam
424 725 461 755 et
478 716 690 754 iucundam
708 717 836 753 fuisse.
885 717 936 753 At
953 717 1058 753 enim
1075 728 1157 753 non
1172 714 1268 752 nulli
1286 722 1444 764 propter
1461 714 1653 760 timorem,

331 783 438 832 quod
460 796 500 820 se
522 781 558 819 in
582 790 719 819 senatu
742 789 827 819 tuto
849 795 928 819 non
950 794 1036 819 esse
1055 780 1355 826 arbitrabantur,
1378 779 1652 818 discesserunt.

331 849 424 886 Non
452 848 708 896 reprehendo,
733 861 805 885 nec
835 860 981 895 quaero
1009 845 1175 883 fueritne
1202 845 1351 894 aliquid
1381 845 1657 894 pertimescen-

330 913 448 950 dum:
485 919 580 961 puto
611 925 682 949 suo
712 925 912 960 quemque
941 910 1128 948 arbitratu
1159 909 1294 948 timere
1324 917 1515 959 oportere.
1577 911 1657 949 Cur

330 991 402 1027 ego
424 990 503 1015 non
525 976 720 1014 timuerim
743 976 924 1026 quaeris?
972 975 1065 1025 quia
1091 983 1128 1014 te
1155 974 1261 1013 illinc
1286 974 1416 1013 abisse
1437 975 1654 1014 constabat.

332 1043 422 1087 Cur,
446 1055 535 1079 cum
557 1041 625 1078 viri
649 1041 742 1079 boni
765 1055 845 1080 non
866 1040 962 1079 nulli
984 1040 1156 1090 putarint
1184 1048 1268 1078 tuto
1290 1054 1330 1078 se
1352 1039 1391 1077 in
1414 1038 1556 1078 senatu
1573 1054 1657 1078 esse

332 1120 412 1144 non
446 1119 576 1155 posse,
608 1120 680 1155 ego
714 1120 794 1143 non
829 1106 934 1145 idem
971 1105 1187 1144 senserim?
1245 1106 1336 1151 Cur,
1368 1119 1458 1143 cum
1495 1119 1567 1155 ego
1597 1119 1658 1143 me

332 1170 612 1208 existimassem
644 1179 728 1209 tuto
759 1171 923 1209 omnino
955 1170 993 1209 in
1029 1170 1185 1208 civitate
1221 1184 1305 1208 esse
1336 1184 1415 1208 non
1444 1184 1571 1220 posse,
1603 1170 1656 1207 illi

332 1238 630 1274 remanserunt?
678 1238 740 1274 An
771 1236 854 1274 aliis
888 1237 988 1283 licet,
1022 1243 1059 1274 et
1090 1244 1193 1274 recte
1223 1235 1323 1282 licet,
1357 1235 1395 1272 in
1432 1249 1520 1274 meo
1551 1243 1657 1273 metu

332 1301 405 1338 sibi
427 1301 523 1338 nihil
545 1301 704 1338 timere:
737 1301 830 1338 mihi
861 1300 927 1338 uni
949 1314 1110 1339 necesse
1131 1300 1201 1338 erit
1222 1308 1259 1338 et
1282 1313 1409 1338 meam
1433 1308 1470 1338 et
1494 1300 1658 1338 aliorum

334 1366 456 1404 vicem
479 1365 783 1416 pertimescere?

386 1433 448 1468 An
471 1431 562 1480 quia
592 1445 672 1468 non
703 1431 965 1469 condemnavi
1004 1430 1197 1469 sententia
1230 1444 1316 1469 mea
1351 1432 1432 1469 duo
1463 1432 1656 1476 consules,

333 1511 418 1534 sum
440 1498 818 1546 reprehendendus?
868 1498 946 1534 Eos
970 1496 1083 1545 igitur
1099 1510 1172 1545 ego
1193 1495 1440 1545 potissimum
1472 1497 1658 1534 damnare

333 1563 452 1602 debui
474 1576 640 1612 quorum
663 1564 746 1612 lege
768 1564 983 1612 perfectum
1006 1570 1062 1600 est
1084 1577 1133 1600 ne
1155 1576 1236 1611 ego,
1262 1561 1513 1600 indemnatus
1541 1570 1659 1612 atque

333 1631 481 1679 optime
510 1629 560 1666 de
587 1642 625 1665 re
653 1628 811 1678 publica
842 1628 1011 1675 meritus,
1042 1629 1319 1665 damnatorum
1350 1641 1519 1677 poenam
1551 1628 1661 1666 susti-

332 1695 498 1732 nerem?
546 1693 726 1741 Quorum
748 1692 864 1730 etiam
893 1694 1035 1731 delicta
1065 1700 1222 1742 propter
1242 1706 1377 1730 eorum
1406 1692 1598 1742 egregiam
1620 1692 1659 1730 in

334 1774 396 1797 me
417 1759 688 1797 conservando
704 1759 944 1795 voluntatem
969 1771 1047 1795 non
1070 1758 1191 1795 modo
1214 1771 1275 1795 me
1293 1758 1362 1795 sed
1383 1757 1510 1796 omnis
1533 1757 1659 1796 bonos

334 1826 430 1863 ferre
458 1830 664 1873 oporteret,
697 1836 832 1860 eorum
861 1822 1054 1872 optimum
1077 1822 1284 1861 consilium
1311 1836 1383 1872 ego
1411 1822 1658 1872 potissimum

383 1940 393 1958 1
422 1927 537 1958 venire
558 1926 672 1957 Garat.
694 1939 699 1956 z
725 1928 867 1958 venistis
884 1928 916 1958 P
1004 1939 1042 1958 ea
1062 1938 1115 1958 res
1133 1932 1206 1958 erat
1223 1927 1276 1958 illa
1293 1927 1401 1957 Halm
1420 1939 1425 1957 ι
1450 1938 1549 1958 aures
1567 1938 1662 1966 rega-

335 1973 391 2002 tila
409 1971 449 2001 P¹
470 1974 563 2007 (ιον-ν.
587 1981 686 2001 aures
711 1982 745 2001 re
771 1971 859 2001 illai:
889 1982 987 2002 aures
1012 1972 1146 2010 erigere
1171 1972 1226 2001 illa
1250 1971 1294 2000 ΡΖ
1311 1971 1427 2010 elplcr.
1452 1978 1508 2007 (an
1535 1981 1589 2000 res
1606 1971 1661 2001 illa

337 2016 412 2046 talis
430 2019 501 2045 erat
520 2019 554 2044 ut
567 2014 660 2047 ku)
741 2025 759 2044 2
785 2015 861 2055 eos]
875 2025 942 2045 cos.
959 2015 1146 2053 <consulem
1161 2016 1238 2046 coni.
1252 2015 1367 2054 Lange
1444 2025 1462 2052 4
1489 2015 1540 2044 his
1552 2014 1657 2045 Prill.

333 2062 461 2099 praescr
480 2057 528 2087 Gk
552 2057 605 2093 iis,
629 2069 644 2087 c
662 2058 688 2087 is
885 2067 903 2097 5
928 2063 1142 2089 statuerunt.
1165 2083 1171 2089 .
1189 2081 1196 2088 .
1217 2059 1281 2097 ipsi
1312 2069 1378 2088 non
1403 2058 1520 2088 venire
1545 2056 1662 2097 Lange

338 2103 448 2141 ipsum
478 2105 509 2130 t:
535 2100 598 2139 ipsi
626 2101 688 2130 rell.
805 2103 826 2131 6
850 2102 966 2131 venire
984 2101 1015 2131 ni
1034 2101 1121 2132 codd.
1137 2104 1263 2140 practer
1275 2101 1431 2132 PHGMe
1448 2101 1634 2139 (venirent)
1654 2112 1660 2130 :

338 2145 420 2184 ipsis
447 2154 512 2174 non
534 2144 648 2174 venire
667 2144 769 2174 licere
783 2145 861 2184 Jeep
914 2144 1156 2183 intellegentP
1169 2148 1197 2174 ft
1208 2145 1302 2184 pleiz,
1320 2156 1399 2176 corr.
1419 2144 1496 2174 ku
1586 2155 1602 2182 7
1628 2149 1660 2174 et

337 2194 467 2227 gratam
497 2190 533 2216 ut
563 2186 646 2216 GMe
672 2188 717 2216 ita
735 2187 834 2218 PBt:
866 2192 993 2226 gratam
1018 2188 1096 2218 Hlk
1195 2199 1232 2227 15
1257 2189 1503 2218 existimassem
1529 2188 1659 2227 ΝαιιὲεἼ

338 2233 410 2261 rius
433 2231 483 2270 (1)
512 2230 687 2267 g-avissem
712 2231 761 2260 ek:
782 2243 787 2261 :
812 2242 874 2261 om.
906 2231 971 2262 P¹:
996 2232 1211 2261 extimassem
1235 2231 1279 2263 cd.
1313 2231 1369 2262 V.:
1395 2231 1660 2261 aestimavissem

337 2274 425 2304 P2H
446 2274 509 2303 rell.
535 2274 677 2313 (-assem
697 2274 738 2312 w)
756 2278 884 2314 praeter
900 2274 983 2305 GMe
1001 2276 1218 2313 (sensisseml
1236 2286 1242 2304 :
1268 2274 1412 2314 putarim
1431 2275 1479 2304 vel
1494 2274 1659 2304 senserim

338 2318 417 2348 coni.
437 2317 547 2347 Halm
626 2318 665 2346 16
690 2323 923 2349 remanserunt
941 2318 1087 2357 ,Muellery
1104 2318 1195 2358 prob.
1215 2318 1419 2356 Zicl1'nski(§
1442 2317 1494 2355 10)
1512 2330 1518 2348 t
1544 2322 1661 2347 rerunt

339 2361 459 2390 ΡΒΣω
475 2371 481 2390 :
506 2365 685 2390 senserunt
699 2360 783 2390 GMe
800 2372 806 2391 :
824 2372 891 2391 non
905 2362 993 2391 idem
1008 2366 1190 2392 senserunt
1203 2360 1319 2401 Lange
1333 2373 1338 2390 :
1354 2361 1550 2391 restiterunt
1561 2361 1605 2392 A.
1622 2360 1657 2391 C.

340 2404 463 2434 Clark:
496 2414 579 2433 num
610 2407 817 2435 renuerunt?
848 2404 980 2435 Habent
1005 2405 1075 2435 edd.
1106 2405 1149 2435 R.
1175 2408 1203 2435 et
1226 2404 1261 2435 V.
1296 2405 1372 2434 illuc
1399 2405 1483 2434 irem
1502 2404 1605 2441 (etita
1621 2404 1658 2433 b:

339 2446 403 2477 illic
419 2447 511 2477 ierim
529 2448 556 2486 t)
618 2447 672 2477 An
685 2447 756 2478 aliis
769 2448 811 2478 Ρ2
825 2448 1154 2489 rell.praeterM(An
1170 2448 1233 2488 eis)
1243 2451 1271 2477 cl
1286 2448 1314 2478 G
1325 2450 1383 2487 <an
1397 2448 1494 2487 meis)
1511 2459 1517 2477 :
1536 2458 1602 2477 om.
1616 2447 1659 2476 Pl

1680 861 1719 882 10

1682 1180 1718 1212 15

1681 1510 1721 1532 20

1681 1833 1720 1865 25
