1774 2782
303 128 325 163 8
348 141 388 163 20
712 123 767 160 M.
800 123 966 159 TVLLI
1000 122 1306 160 CICERONIS

343 242 391 281 et,
415 234 445 271 si
468 234 525 271 ius
547 246 659 270 suum
682 232 919 275 defenderet,
947 231 1048 267 bello
1070 231 1243 279 gerendo
1267 232 1322 267 M.
1344 232 1539 269 Catonem
1561 244 1666 281 prae-

284 313 317 333 21
343 298 477 337 fecisti.
539 298 679 334 Dices:
720 297 849 343 Quem
882 295 1032 332 virum!
1081 294 1382 340 sanctissimum,
1415 296 1666 344 prudentissi-

342 377 460 408 mum,
491 361 753 406 fortissimum,
784 359 1065 396 amicissimum
1096 359 1147 399 rei
1177 359 1368 408 publicae,
1399 359 1549 406 virtute,
1574 374 1664 398 con-

339 427 436 472 silio,
469 426 617 463 ratione
649 425 749 462 vitae
780 424 945 461 mirabili
976 426 1026 461 ad
1055 425 1211 461 laudem
1243 432 1278 461 et
1307 438 1428 473 prope
1456 424 1663 473 singulari!

339 492 415 528 Sed
441 490 535 539 quid
559 491 608 527 ad
637 497 684 536 te,
718 489 783 538 qui
815 501 930 537 negas
959 501 1043 526 esse
1074 502 1207 526 verum
1240 502 1481 537 quemquam
1513 489 1579 526 ulli
1609 489 1663 527 rei
1684 496 1702 528 5

291 564 318 600 9
339 556 518 605 publicae
549 563 651 592 extra
681 554 856 590 ordinem
888 554 1074 602 praefici?
1120 556 1251 602 Atque
1280 553 1317 590 in
1348 555 1423 591 hoc
1454 555 1580 591 solum
1609 554 1664 592 in-

338 621 596 658 constantiam
639 621 827 668 redarguo
858 627 992 657 tuam:
1029 632 1147 667 quem
1184 627 1224 656 tu
1258 618 1296 655 in
1329 631 1374 656 ea
1408 632 1448 656 re
1481 632 1560 657 non
1593 633 1663 669 pro

338 685 437 722 illius
477 685 665 734 dignitate
697 684 942 733 produceres,
980 684 1049 720 sed
1093 696 1163 731 pro
1211 690 1280 720 tuo
1324 684 1469 721 scelere
1517 684 1661 722 subdu-

337 763 454 796 ceres,
499 763 616 798 quem
662 748 736 786 tuis
781 748 932 797 Sergiis,
972 747 1119 793 Lolliis,
1152 747 1266 785 Titiis
1310 748 1529 798 ceterisque
1576 762 1661 787 cae-

335 814 394 852 dis
427 822 463 852 et
499 814 769 852 incendiorum
812 813 979 851 ducibus
1022 813 1233 859 obieceras,
1276 826 1395 862 quem
1435 813 1660 852 carnificem
1685 832 1724 854 10

335 879 491 925 civium,
548 892 666 928 quem
720 879 1038 915 indemnatorum
1098 877 1205 915 necis
1260 877 1491 927 principem,
1539 892 1660 928 quem

335 944 572 982 crudelitatis
599 952 797 981 auctorem
835 942 952 980 fuisse
987 942 1149 989 dixeras,
1180 944 1229 980 ad
1266 944 1371 981 bunc
1402 943 1593 982 honorem
1622 950 1661 982 et

335 1009 541 1058 imperium
579 1016 685 1046 extra
722 1008 899 1046 ordinem
941 1008 1173 1045 nominatim
1207 1008 1409 1058 rogatione
1444 1014 1512 1046 tua
1550 1009 1660 1046 detu-

334 1073 420 1112 listi.
473 1076 521 1111 Et
552 1082 659 1111 tanta
689 1073 791 1110 fuisti
818 1073 1117 1122 intemperantia
1145 1081 1185 1110 ut
1208 1073 1307 1110 illius
1336 1072 1390 1110 tui
1419 1072 1574 1110 sceleris
1601 1086 1660 1110 ra-

274 1154 310 1174 22
334 1139 478 1176 tionem
509 1141 704 1176 occultare
734 1153 814 1177 non
844 1152 1003 1188 posses:
1035 1139 1177 1176 litteras
1206 1138 1246 1176 in
1275 1138 1463 1176 contione
1484 1138 1655 1177 recitasti
1682 1159 1715 1191 ¹5

332 1218 427 1253 quas
456 1204 524 1242 tibi
554 1218 576 1242 a
598 1205 642 1243 C.
673 1205 840 1243 Caesare
868 1204 1004 1241 missas
1026 1204 1175 1241 diceres
1205 1204 1400 1242 ‘CAESAR
1430 1206 1657 1252 Pvoefflzoss

331 1283 419 1306 cum
442 1270 557 1307 etiam
589 1285 628 1307 es
650 1278 941 1319 argumentatus
973 1269 1115 1307 amoris
1143 1283 1227 1307 esse
1259 1271 1334 1307 hoc
1366 1269 1530 1319 signum,
1559 1272 1661 1318 quod

330 1335 631 1384 cognominibus
654 1344 802 1373 tantum
826 1344 997 1373 uteretur
1019 1349 1147 1384 neque
1174 1335 1411 1372 adscriberet
1436 1338 1538 1372 ‘PRO
1559 1346 1656 1372 CON-

331 1401 451 1437 SVLE’
497 1409 563 1437 aut
605 1404 812 1437 ιΤκιΒνΝΟ
860 1402 1025 1446 PLEBI’g
1074 1399 1165 1437 dein
1211 1399 1390 1448 gratulari
1432 1399 1500 1436 tibi
1546 1400 1655 1448 quod

332 1466 386 1501 M.
411 1467 602 1502 (satonem
625 1479 648 1501 a
671 1465 868 1502 tribunatu
890 1472 958 1502 tuo
980 1466 1221 1510 removisses,
1246 1472 1283 1501 et
1305 1465 1412 1513 quod
1434 1463 1467 1501 ei
1496 1463 1653 1502 dicendi
1676 1484 1716 1506 20

330 1529 367 1566 in
391 1538 587 1578 posterum
613 1531 662 1567 de
689 1529 1000 1567 extraordinariis
1029 1529 1288 1578 potestatibus
1316 1528 1535 1566 libertatem
1565 1530 1653 1567 ade-

331 1595 476 1632 misseS.
537 1595 645 1642 Quas
672 1603 737 1632 aut
767 1608 982 1643 numquam
1013 1594 1080 1631 tibi
1108 1594 1170 1631 ille
1201 1593 1345 1631 litteras
1378 1594 1491 1640 misit,
1521 1603 1598 1640 aut,
1623 1594 1653 1631 si

331 1658 442 1702 misit,
467 1658 504 1695 in
536 1660 719 1696 contione
741 1659 889 1696 recitari
911 1658 1047 1696 noluit.
1109 1661 1171 1705 At,
1196 1658 1276 1695 sive
1298 1660 1360 1695 ille
1386 1658 1489 1696 misit
1510 1658 1589 1696 sive
1611 1667 1651 1696 tu

330 1723 482 1769 finxisti,
516 1732 618 1760 certe
649 1723 855 1760 consilium
891 1732 1000 1760 tuum
1036 1724 1086 1761 de
1117 1723 1280 1761 Catonis
1316 1724 1465 1761 honore
1501 1723 1652 1762 illarum

375 1834 388 1853 1
408 1825 434 1853 si
455 1825 502 1853 ius
522 1825 627 1854 Halm
644 1837 649 1855 :
674 1826 699 1855 si
719 1827 793 1864 quis
810 1825 897 1855 codd.
989 1835 1008 1864 5
1027 1827 1163 1864 negotio
1182 1825 1231 1856 rei
1246 1824 1386 1864 pub.b²:
1404 1826 1452 1854 rei
1472 1826 1548 1864 pub.
1564 1826 1650 1865 parti

327 1868 404 1898 roni.
425 1868 535 1899 Muell.
638 1879 654 1907 7
676 1874 750 1908 post
766 1870 857 1899 verba
876 1870 1044 1908 redarguo
1062 1875 1154 1899 tuam
1177 1869 1296 1899 habent
1312 1880 1425 1898 omnes
1440 1869 1527 1899 codd.
1548 1870 1603 1909 qui
1616 1870 1649 1899 in

328 1911 401 1949 ipso
418 1912 566 1942 Catone:
592 1912 753 1942 ddslark
769 1914 920 1952 ulgloss.
940 1913 987 1942 ad
1003 1914 1036 1943 in
1056 1913 1118 1943 hoc
1133 1924 1139 1942 z
1166 1913 1259 1952 qui:
1276 1914 1308 1942 vi
1325 1928 1350 1937 z
1366 1912 1523 1943 videlicet
1543 1912 1647 1953 (Caec.

331 1957 344 1990 ξ
362 1955 402 1984 88
413 1965 430 1987 ri.
467 1955 551 1992 Quid
574 1956 605 1985 in
632 1956 704 1994 ipso
730 1956 859 1986 Catone
880 1956 1072 1986 Mommsen
1090 1968 1095 1986 :
1124 1957 1243 1995 Neque
1262 1957 1295 1985 in
1314 1957 1378 1986 hoc
1398 1979 1405 1986 .
1423 1981 1428 1986 .
1449 1980 1454 1986 .
1472 1957 1530 1986 sed
1549 1958 1649 1986 etiam

328 1997 359 2026 in
378 1997 452 2036 ipso
470 1998 599 2028 Catone
625 2000 759 2029 M11ell.:
787 2000 907 2038 Neque
929 2000 963 2029 in
991 2001 1053 2030 hoc
1078 2024 1085 2030 .
1115 2026 1121 2032 ,
1147 2025 1154 2032 .
1183 2001 1237 2039 qui
1265 2000 1386 2038 inipso
1400 1999 1531 2029 Catone
1553 1999 1649 2040 <deli-

324 2040 430 2080 gendo
452 2042 640 2071 inconstans
660 2044 783 2081 fitcr1's;
812 2042 914 2084 uam)
943 2054 1043 2083 quem
1075 2049 1122 2084 tu,
1147 2048 1198 2074 etc.
1222 2043 1343 2074 Rueck.
1500 2043 1531 2072 in
1555 2053 1596 2072 ea
1614 2054 1649 2073 re

327 2084 456 2123 scripsi:
482 2085 513 2114 in
533 2096 572 2114 eo
589 2085 676 2116 codd.
696 2088 772 2125 (om.
786 2087 818 2120 b]
832 2099 838 2117 :
866 2087 896 2116 in
912 2097 953 2116 eo
965 2087 1100 2125 negotio
1112 2086 1219 2117 Halm
1232 2088 1263 2127 (ξ
1280 2088 1335 2125 233
1411 2088 1430 2116 8
1448 2086 1649 2125 produceres

329 2151 354 2158 ..
371 2152 377 2157 .
395 2128 599 2158 subduceres
616 2127 737 2170 (eum)
756 2140 855 2168 quern
880 2130 983 2161 Reid:
1007 2131 1217 2169 produxeras
1236 2156 1243 2162 .
1264 2156 1270 2162 .
1289 2153 1296 2159 .
1316 2130 1528 2160 subduxeras
1548 2140 1648 2168 quem

328 2170 413 2201 codd.
493 2182 529 2200 12
548 2172 634 2202 hunc
651 2174 690 2202 ad
709 2173 795 2202 Reid
871 2184 907 2211 17
926 2175 1013 2212 quod
1040 2174 1296 2212 cognominibus
1314 2173 1430 2204 Laml).
1447 2184 1453 2203 ε
1478 2173 1649 2211 cognomi-

328 2214 426 2243 nibus
444 2214 484 2243 P¹
504 2226 509 2244 :
531 2226 605 2244 cum
631 2217 820 2247 nominibus
844 2216 889 2247 ΡΖ
907 2218 970 2247 rell.
992 2221 1123 2256 praeter
1139 2217 1223 2247 GMe
1248 2217 1484 2256 (cognominis)
1611 2217 1650 2246 18

327 2258 518 2295 proconsuli
538 2258 600 2287 PB
619 2260 683 2290 rell.
702 2264 829 2299 praeter
846 2259 931 2290 GMe
948 2261 1158 2301 (proconsul)
1343 2270 1381 2299 19
1406 2260 1513 2299 plebis
1532 2259 1574 2289 Gt
1589 2259 1644 2291 all.

327 2302 415 2339 quod
435 2301 477 2331 M.
492 2306 527 2331 ut
545 2302 660 2332 Lamb.
680 2303 724 2331 ι’ία
738 2313 751 2331 c
773 2314 779 2332 :
803 2304 890 2342 quod
904 2304 991 2334 idem
1009 2305 1040 2333 in
1059 2309 1230 2343 posterum
1247 2304 1290 2333 M.
1304 2303 1337 2332 P
1351 2304 1413 2334 rell.
1512 2313 1555 2333 20
1577 2314 1597 2333 a
1613 2304 1647 2333 in

327 2355 391 2383 mg.
407 2344 524 2374 Lamb.
539 2357 545 2376 2
568 2356 633 2375 om.
651 2345 737 2375 codd.
861 2347 890 2376 ei
909 2348 1042 2377 dicendi
1060 2347 1168 2377 Halm
1184 2358 1191 2377 ε
1216 2347 1348 2376 dicendi
1372 2347 1484 2377 Madv.
1502 2359 1509 2377 :
1533 2346 1645 2376 eidem

325 2389 485 2425 querendi
500 2389 565 2417 sive
578 2388 711 2418 dicendi
724 2388 837 2428 Lange
855 2401 861 2419 2
886 2390 973 2420 idern
991 2390 1078 2420 codd.
1179 2400 1218 2428 23
1243 2389 1288 2419 At
1303 2389 1450 2420 Ernesti:
1476 2396 1531 2420 aut
1555 2389 1643 2420 codd.

326 2442 365 2468 24
392 2431 515 2460 finxisti
541 2431 584 2460 Ρ2
612 2433 661 2468 (jn
693 2434 775 2465 ras.)
805 2433 835 2462 Β
861 2433 926 2464 rell.
948 2437 1077 2472 praeler-
1106 2434 1147 2462 Μ
1173 2433 1322 2467 arrisisti)
1339 2445 1345 2463 z
1378 2434 1542 2472 protulisti
1572 2433 1646 2463 Ru-

317 2475 471 2512 finianus
487 2487 492 2504 ς
520 2475 613 2504 fictas
631 2477 797 2514 protulisti
815 2476 856 2506 D.
875 2476 1034 2516 Serruys:
1060 2478 1191 2507 misisse
1208 2477 1333 2506 finxisti
1353 2478 1464 2516 Lange
