1774 2782
234 118 283 156 35

246 489 284 511 ⁵)

234 1643 286 1687 36

306 123 343 156 75
672 110 729 146 M.
762 108 930 145 TVLLI
961 106 1267 145 CICERONIS

303 218 343 255 in
374 206 563 256 iudicium
596 224 767 263 vocatur,
802 230 882 266 quo
914 229 955 253 se
984 223 1101 265 pacto
1128 216 1296 265 gerunt?
1353 215 1456 253 Cum
1486 214 1623 260 forum,

303 283 518 328 comitium,
553 281 701 319 curiam
739 282 860 318 multa
894 281 944 318 de
979 288 1097 318 nocte
1129 278 1286 317 armatis
1321 277 1548 316 hominibus
1581 291 1628 315 ac

304 347 422 385 servis
454 346 650 396 plerisque
685 344 998 394 occupavissent,
1027 345 1217 395 impetum
1249 343 1394 382 faciunt
1429 344 1468 380 in
1499 342 1629 381 Fabri-

304 412 422 458 cium,
437 423 576 448 manus
591 411 783 457 adferunt,
799 409 987 447 occidunt
1002 422 1082 447 non
1098 410 1238 455 nullos,
1255 410 1458 447 vulnerant
1472 409 1628 447 multos.

307 477 542 514 Venientem
575 476 615 512 in
647 476 774 513 forum
804 473 928 512 virum
961 473 1155 524 optimum
1185 481 1223 511 et
1252 473 1625 520 constantissimum,

306 543 362 579 M.
387 540 577 590 Cispium,
601 540 802 578 tribunum
830 539 967 589 plebis,
990 538 1026 576 vi
1054 540 1266 588 depellunt,
1290 539 1454 576 caedem
1482 537 1521 575 in
1545 538 1629 576 foro

305 606 514 644 maximam
545 605 704 652 faciunt,
727 604 977 653 universique
1005 603 1198 642 destrictis
1225 603 1362 653 gladiis
1392 611 1430 641 et
1459 602 1629 641 cruentis

304 671 343 709 in
376 671 560 709 omnibus
592 670 663 708 fori
693 669 868 720 partibus
898 670 1053 707 fratrem
1086 682 1234 716 meum,
1262 668 1386 706 virum
1421 667 1626 718 optimum,

304 735 557 774 fortissimum
580 736 736 784 meique
763 733 1089 780 amantissimum,
1113 734 1236 771 oculis
1258 732 1508 783 quaerebant,
1531 745 1628 770 voce

304 801 532 851 poscebant.
591 802 771 849 Quorum
811 799 874 837 ille
909 798 994 836 telis
1030 799 1195 836 libenter
1230 799 1268 835 in
1304 805 1413 835 tanto
1444 799 1550 835 luctu
1581 809 1627 834 ac

304 865 500 904 desiderio
529 866 605 902 mei
636 878 716 902 non
747 865 1002 914 repugnandi,
1026 864 1095 901 sed
1126 862 1318 901 moriendi
1344 876 1461 900 causa
1487 875 1627 911 corpus

303 930 510 968 obtulisset
540 943 665 976 suum,
689 929 763 966 nisi
791 942 901 966 suam
931 928 1051 966 vitam
1081 929 1132 966 ad
1157 942 1266 977 spem
1297 927 1373 965 mei
1400 927 1546 966 reditus
1575 940 1630 964 re-

304 1002 502 1034 servasset.
553 994 679 1032 Subiit
700 1001 833 1031 tamen
850 995 927 1031 vim
946 993 1048 1031 illam
1071 993 1256 1031 nefariam
1274 995 1627 1031 consceleratorum

304 1063 498 1099 latronum
516 1068 564 1106 et,
580 1073 669 1097 cum
688 1061 739 1097 ad
756 1060 879 1097 fratris
900 1060 1066 1096 salutem
1087 1072 1109 1096 a
1125 1060 1274 1108 populo
1291 1060 1475 1097 Romano
1495 1059 1630 1108 depre-

305 1127 472 1164 candam
503 1125 682 1171 venisset,
716 1125 849 1173 pulsus
880 1137 901 1162 e
931 1124 1062 1162 rostris
1090 1124 1128 1161 in
1159 1124 1320 1162 comitio
1347 1123 1474 1171 iacuit,
1508 1136 1629 1173 seque

305 1204 504 1229 servorum
537 1199 575 1229 et
608 1191 835 1228 libertorum
872 1189 1102 1239 corporibus
1127 1189 1287 1236 obtexit,
1315 1189 1515 1238 vitamque
1545 1196 1629 1226 tum

306 1270 416 1294 suam
453 1257 579 1294 noctis
614 1264 651 1293 et
686 1256 799 1304 fugae
840 1254 1034 1304 praesidio
1068 1268 1151 1293 non
1189 1256 1280 1292 iuris
1314 1254 1629 1303 iudiciorumque

271 1322 492 1360 *defendit
568 1320 805 1358 Meministis
853 1328 947 1367 tum,
998 1319 1157 1367 iudices,
1209 1319 1438 1369 corporibus
1485 1318 1629 1356 civium

305 1386 479 1424 Tiberim
512 1385 711 1434 compleri,
740 1386 894 1423 cloacas
924 1384 1103 1432 resarciri,
1133 1398 1154 1423 e
1184 1386 1268 1422 foro
1298 1384 1470 1434 spongiis
1500 1383 1629 1433 effingi

305 1451 546 1501 sanguinem,
570 1458 611 1487 ut
641 1463 779 1487 omnes
809 1458 956 1488 tantam
988 1451 1092 1487 illam
1123 1450 1278 1499 copiam
1309 1457 1346 1487 et
1376 1456 1455 1487 tam
1486 1449 1629 1498 magni-

306 1517 423 1553 ficum
444 1522 674 1565 apparatum
697 1528 776 1551 non
798 1514 988 1564 privatum
1011 1522 1077 1552 aut
1099 1514 1311 1564 plebeium,
1334 1515 1402 1552 sed
1424 1512 1628 1563 patricium

305 1589 341 1618 et
363 1582 598 1630 praetorium
621 1593 704 1618 esse
724 1579 1011 1618 arbitrarentur.

360 1645 468 1683 Nihil
489 1657 618 1694 neque
639 1651 730 1682 ante
752 1645 827 1682 hoc
849 1653 1003 1694 tempus
1029 1658 1158 1694 neque
1180 1647 1255 1683 hoc
1276 1644 1362 1694 ipso
1383 1643 1631 1682 turbulentis-

306 1712 405 1748 simo
427 1710 490 1748 die
517 1709 778 1747 criminamini
807 1710 986 1748 Sestium.
1049 1712 1193 1760 ‘Atqui
1221 1712 1277 1748 vis
1302 1710 1341 1747 in
1370 1711 1455 1747 foro
1481 1717 1630 1748 versata

305 1778 387 1813 est.’
445 1777 586 1823 Certe,
616 1776 776 1825 quando
797 1776 902 1812 enim
932 1775 1082 1813 maior?
1143 1774 1422 1825 Lapidationes
1443 1787 1629 1825 persaepe

305 1841 486 1888 vidimus,
516 1854 596 1878 non
622 1840 673 1878 ita
701 1854 828 1890 saepe,
858 1842 927 1878 sed
955 1841 1121 1878 nimium
1146 1848 1278 1879 tamen
1309 1853 1427 1891 saepe
1454 1839 1629 1890 gladios:

306 1907 469 1944 caedem
500 1919 591 1944 vero
621 1914 781 1952 tantam,
815 1914 944 1943 tantos
973 1919 1133 1944 acervos
1163 1919 1371 1956 corporum
1401 1913 1628 1952 exstructos,

307 1971 379 2008 nisi
404 1973 502 2008 forte
527 1970 593 2008 illo
621 1971 805 2009 Cinnano
833 1979 951 2020 atque
979 1971 1198 2009 Octaviano
1228 1972 1303 2018 die,
1326 1971 1414 2021 quis
1441 1984 1630 2020 umquam

305 2036 343 2072 in
373 2037 456 2073 foro
482 2036 608 2074 vidit?
665 2038 755 2084 Qua
783 2048 829 2073 ex
853 2035 1117 2074 concitatione
1144 2035 1396 2074 animorum?
1454 2037 1557 2073 Nam
1585 2048 1631 2073 ex

305 2101 517 2151 pertinacia
543 2109 610 2139 aut
640 2101 860 2139 constantia
891 2101 1155 2139 intercessoris
1180 2101 1301 2139 oritur
1331 2114 1448 2150 saepe
1476 2099 1627 2146 seditio,

345 2206 365 2235 8
389 2205 494 2234 virum
519 2229 525 2235 .
550 2228 557 2235 .
582 2230 588 2236 .
609 2205 872 2235 amantissimum
892 2204 959 2235 secl.
982 2205 1083 2244 Kays.
1104 2217 1110 2235 ε
1142 2205 1215 2235 sort.
1232 2229 1240 2236 .
1261 2229 1267 2235 .
1286 2229 1294 2236 .
1311 2209 1435 2235 amant.
1453 2204 1522 2236 secl.
1541 2205 1632 2235 Bake

306 2259 345 2278 10
370 2248 403 2278 in
421 2253 515 2278 tanto
533 2273 539 2279 .
559 2273 565 2279 .
587 2274 593 2279 .
611 2259 710 2278 causa
727 2249 794 2278 secl.
817 2249 950 2279 Ernest.
1058 2258 1093 2278 11
1120 2259 1185 2278 non
1203 2258 1346 2287 repugn.
1365 2272 1373 2279 .
1394 2273 1400 2278 .
1419 2272 1426 2279 .
1446 2258 1544 2278 causa
1559 2249 1627 2280 secl.

303 2291 405 2331 KayS.
528 2302 564 2330 15
590 2291 685 2322 latuit
703 2291 789 2321 Reid
909 2301 947 2330 19
971 2292 1084 2330 effingi
1101 2292 1165 2322 cod.
1186 2291 1220 2323 C.
1236 2292 1346 2332 Steph.
1361 2303 1368 2322 ε
1393 2291 1519 2321 effundi
1537 2290 1632 2320 PBG

304 2345 345 2373 29
377 2335 599 2365 concitatione
630 2334 751 2365 Orelli:
784 2336 1033 2365 concertatione
1058 2334 1154 2364 PBG

1650 815 1689 836 10

1651 1139 1689 1171 15

1651 1466 1689 1487 20

1651 2115 1691 2145 30
