1774 2782
244 131 298 167 44

247 663 299 701 45

240 722 297 753 117

239 1214 296 1243 118

321 128 378 157 116
696 121 750 157 M.
782 121 947 157 TVLLI
980 119 1286 158 CICERONIS

318 230 490 277 haberet,
526 230 634 269 aedis
671 231 708 267 in
745 231 894 267 Palatio
933 228 1197 267 nobilissimas
1233 230 1374 268 emisse
1409 242 1449 267 se
1487 228 1645 268 diceret.

320 296 548 334 Inferiorem
575 294 733 333 aedium
762 301 912 343 partem
938 293 1159 343 adsignavit
1186 307 1266 332 non
1295 307 1388 332 suae
1414 295 1520 343 genti
1548 295 1648 332 Fon-

317 361 428 405 teiae,
463 361 531 397 sed
569 359 743 406 Clodiae,
777 372 894 408 quam
932 359 1097 408 reliquit,
1132 372 1249 409 quem
1285 360 1324 396 in
1358 372 1565 397 numerum
1601 372 1647 398 ex

318 425 449 462 multis
467 424 617 463 Clodiis
635 437 753 462 nemo
769 437 915 462 nomen
932 425 1042 462 dedit
1057 423 1128 461 nisi
1150 432 1215 462 aut
1233 432 1403 474 egestate
1419 432 1485 462 aut
1502 426 1647 463 scelere

318 491 505 540 perditus.
564 491 682 527 Hanc
711 503 791 536 vos,
814 488 1031 539 pontifices,
1055 496 1133 527 tam
1155 488 1313 535 variam,
1335 497 1413 527 tam
1443 502 1585 527 novam
1607 490 1645 526 in

317 556 425 593 omni
434 567 575 605 genere
588 556 842 600 voluntatem,
854 554 1152 604 impudentiam,
1163 555 1381 601 audaciam,
1391 554 1646 604 cupiditatem

317 619 655 670 comprobabitis?

375 685 600 731 ‘Pontifex,'
632 683 768 734 inquit,
809 683 978 722 ‘adfuit.'
1047 685 1139 722 Non
1175 692 1211 722 te
1247 685 1379 734 pudet,
1416 698 1505 722 cum
1541 685 1647 734 apud

318 750 522 799 pontifices
554 763 613 788 res
642 756 787 799 agatur,
820 749 1047 799 pontificem
1078 750 1207 788 dicere
1237 757 1275 788 et
1308 763 1388 788 non
1424 749 1646 800 conlegium

318 814 548 864 pontificum
569 814 752 861 adfuisse,
776 814 1001 864 praesertim
1029 827 1118 851 cum
1142 813 1320 852 tribunus
1347 814 1473 863 plebis
1495 816 1554 853 vel
1580 817 1645 854 de-

317 879 495 917 nuntiare
522 878 694 929 potueris
721 880 780 917 vel
808 878 925 917 etiam
956 881 1122 928 cogere?
1181 880 1288 924 Esto,
1311 878 1533 929 conlegium
1563 894 1643 919 non

316 944 554 983 adhibuisti:
585 945 709 993 quid?
756 945 806 981 de
830 943 1010 993 conlegio
1037 942 1124 992 quis
1149 944 1308 981 tandem
1330 943 1484 982 adfuit?
1531 945 1643 994 Opus

317 1017 396 1048 erat
426 1009 531 1047 enim
561 1008 802 1055 auctoritate,
825 1022 926 1058 quae
955 1016 1013 1046 est
1044 1007 1082 1045 in
1111 1007 1169 1045 his
1199 1008 1395 1056 omnibus,
1418 1010 1487 1047 sed
1512 1017 1643 1048 tamen

316 1083 431 1124 auget
452 1081 489 1112 et
509 1082 616 1111 aetas
637 1081 673 1112 et
690 1075 817 1111 honos
838 1072 1094 1122 dignitatem3
1124 1086 1223 1122 opus
1239 1081 1319 1111 erat
1336 1072 1452 1111 etiam
1470 1073 1643 1121 scientia,

317 1152 435 1187 quam
451 1137 480 1176 si
496 1151 634 1176 omnes
651 1137 851 1176 consecuti
871 1146 971 1183 sunt,
988 1146 1121 1175 tamen
1138 1145 1241 1175 certe
1258 1138 1458 1187 peritiores
1473 1146 1643 1177 vetustas

317 1204 420 1241 facit.
481 1203 580 1251 Quis
610 1215 701 1253 ergo
735 1203 890 1241 adfuit?
949 1204 1128 1248 ‘Frater,’
1159 1201 1297 1252 inquit,
1329 1202 1479 1241 ‘uxoris
1510 1205 1644 1242 meae.’

317 1269 354 1307 Si
376 1267 644 1307 auctoritatem
667 1268 903 1318 quaerimus,
919 1267 990 1305 etsi
1012 1267 1052 1306 id
1072 1275 1129 1305 est
1149 1266 1286 1304 aetatis
1303 1274 1344 1304 ut
1361 1268 1539 1306 nondum
1557 1281 1646 1306 con-

317 1341 473 1372 secutus
501 1333 559 1380 sit,
584 1341 726 1381 tamen,
751 1341 898 1383 quanta
925 1340 982 1371 est
1011 1334 1048 1370 in
1076 1333 1329 1370 adulescente
1356 1333 1577 1379 auctoritas,
1601 1347 1646 1372 ea

317 1408 474 1450 propter
494 1406 642 1437 tantam
659 1398 980 1437 coniunctionem
998 1397 1209 1436 adfinitatis
1227 1398 1353 1436 minor
1373 1406 1430 1436 est
1447 1400 1622 1448 putanda
1637 1414 1646 1446 3

317 1464 375 1502 sin
396 1472 527 1502 autem
545 1463 707 1502 scientia
727 1471 783 1501 est
804 1464 990 1513 quaesita,
1007 1462 1093 1512 quis
1114 1471 1194 1501 erat
1215 1462 1344 1500 minus
1360 1464 1505 1513 peritus
1526 1477 1642 1514 quam

318 1529 348 1567 is
370 1528 434 1578 qui
457 1528 591 1578 paucis
619 1528 691 1566 illis
719 1528 859 1566 diebus
887 1528 926 1565 in
954 1527 1176 1578 conlegium
1199 1530 1386 1566 venerat?
1433 1528 1499 1578 qui
1527 1528 1643 1567 etiam

318 1593 386 1631 tibi
415 1601 494 1631 erat
523 1595 643 1643 magis
671 1593 881 1631 obstrictus
901 1592 1096 1631 beneficio
1123 1592 1279 1640 recenti,
1303 1606 1393 1631 cum
1422 1607 1462 1631 se
1489 1594 1643 1632 fratrem

318 1659 446 1696 uxoris
473 1666 563 1696 tuae
590 1658 693 1696 fratri
716 1666 784 1696 tuo
810 1672 997 1708 germano
1027 1659 1243 1696 antelatum
1270 1658 1439 1697 videbat.
1499 1660 1583 1697 Etsi
1604 1658 1644 1696 in

317 1737 364 1761 eo
382 1723 582 1773 providisti
597 1736 646 1761 ne
660 1724 774 1761 frater
789 1731 826 1761 te
842 1737 1025 1761 accusare
1042 1723 1175 1773 possit.
1223 1725 1342 1761 Hanc
1355 1731 1396 1762 tu
1410 1723 1524 1774 igitur
1537 1724 1644 1762 dedi-

317 1789 513 1826 cationem
537 1789 720 1837 appellas,
743 1789 794 1825 ad
816 1802 933 1837 quam
961 1802 1041 1826 non
1062 1788 1297 1838 conlegium,
1321 1802 1401 1826 non
1426 1788 1643 1827 honoribus

318 1852 452 1903 populi
474 1852 645 1890 Romani
667 1860 847 1890 ornatum
865 1854 1104 1902 pontificem,
1125 1866 1204 1891 non
1226 1852 1398 1903 denique
1417 1854 1643 1891 adulescen-

317 1927 395 1956 tem
417 1931 657 1968 quemquam
674 1923 708 1964 †,
731 1931 820 1956 cum
843 1918 1006 1956 haberes
1035 1918 1073 1955 in
1101 1918 1280 1968 conlegio
1309 1918 1640 1964 familiarissimos,

315 1982 504 2021 adhibere
540 1983 729 2032 potuisti?
800 1983 939 2021 Adfuit
975 1984 1016 2030 is,
1054 1983 1084 2020 si
1121 1984 1242 2021 modo
1275 1984 1411 2030 adfuit,
1447 1997 1565 2032 quem
1601 1991 1641 2021 tu

364 2097 372 2115 1
403 2087 525 2115 emisse
551 2097 586 2117 se
612 2088 650 2117 bk
670 2087 748 2118 alh:
774 2088 928 2118 emisisse
946 2086 1011 2117 Pl:
1037 2087 1188 2117 emisisse
1210 2097 1247 2117 se
1264 2086 1307 2116 P²
1330 2087 1436 2127 (Verr.
1467 2087 1509 2123 iv,
1537 2089 1638 2126 5133.

316 2130 470 2160 emisisse
496 2130 540 2169 R,
561 2131 683 2160 emisse
697 2136 730 2170 p,
750 2131 873 2161 emisse
896 2141 932 2161 se
956 2131 1062 2172 vulg.)
1209 2140 1228 2170 5
1254 2136 1320 2161 tam
1343 2130 1431 2161 codd.
1454 2134 1582 2170 praeter
1597 2130 1640 2160 P¹

316 2174 498 2212 (tantam):
532 2179 667 2212 tantam,
695 2180 760 2204 tam
788 2185 858 2205 var.
883 2174 991 2204 Halm
1080 2176 1101 2204 6
1124 2173 1333 2205 voluntatum
1358 2173 1473 2205 Madv.
1563 2184 1584 2212 9
1607 2179 1640 2204 et

316 2228 383 2247 0111.
405 2216 447 2246 P¹
543 2228 575 2247 12
607 2217 703 2256 Opus
721 2222 790 2247 erat
806 2218 894 2247 enim
914 2218 1110 2248 auctoritate
1127 2218 1167 2248 L.
1182 2217 1342 2258 Spengel:
1359 2227 1444 2256 opus
1461 2217 1549 2246 enim
1568 2222 1640 2247 erat

316 2264 402 2290 auct.
429 2260 631 2290 Markland:
657 2267 814 2299 posuerat
839 2262 925 2290 enim
952 2261 1187 2291 auctoritatem
1213 2260 1301 2291 codd.
1424 2270 1460 2298 17
1490 2261 1637 2290 nondum

318 2313 471 2342 magnam
490 2303 666 2333 Lehmann
776 2314 814 2342 27
841 2314 1039 2343 quemquam
1058 2304 1144 2335 obelo
1161 2304 1295 2334 notavi:
1320 2313 1521 2343 quemquam
1538 2303 1638 2333 alium

318 2346 423 2376 Muell
447 2358 452 2376 :
476 2357 529 2385 qu.
543 2348 704 2377 scientem
724 2347 841 2378 Lamb.
860 2359 866 2377 :
894 2359 978 2377 num
995 2359 1049 2387 qu.
1069 2347 1238 2378 nobilem?
1273 2347 1363 2378 Com'.
1385 2347 1545 2378 Momms.
1571 2357 1638 2377 non

317 2390 462 2428 denique
481 2390 579 2420 alium
598 2396 731 2429 praeter
749 2390 839 2420 illum
857 2391 1109 2421 adolescentem

1666 505 1684 537 5

1669 831 1706 851 10

1666 1158 1703 1189 15

1666 1484 1705 1505 20
