1774 2782
287 142 310 180 7
340 138 377 169 16
702 133 757 170 M.
789 133 958 169 TVLLI
991 131 1297 171 CICERONIS

333 249 373 279 tu
409 240 553 279 cotidie
586 240 737 278 sciebas
767 253 918 279 servare
952 242 1002 279 de
1037 242 1158 288 caelo,
1190 254 1289 290 quos
1321 240 1528 288 inridebas‚
1561 254 1660 291 quos

332 306 502 355 privatos
520 319 604 344 esse
625 306 812 354 dicebas3
851 307 900 344 de
923 306 1067 356 quibus
1084 307 1184 344 duos
1206 313 1466 356 praetextatos
1488 307 1660 346 sedentis

332 370 549 417 vides‚—te
578 370 798 409 aediliciam
827 378 1065 420 praetextam
1092 378 1234 420 togam,
1259 384 1376 420 quam
1403 372 1541 410 frustra
1570 385 1660 410 con-

332 437 487 483 feceras,
531 436 756 475 vendidisse
776 436 997 474 l—tertium
1038 436 1112 474 scis
1151 449 1197 475 6)(
1235 436 1302 474 illo
1341 437 1503 476 obsesso
1541 445 1660 487 atque

331 501 491 539 adflicto
526 501 725 540 tribunatu
759 503 1005 540 consularem
1038 501 1310 540 auctoritatem
1341 502 1542 541 hominem
1575 517 1660 542 esse
1681 517 1698 550 5

331 567 625 605 adulescentem
656 574 925 605 consecutum.
986 566 1143 615 Reliqui
1175 579 1240 604 sex
1270 567 1437 614 suerunt,
1465 580 1486 606 e
1515 567 1659 617 quibus

331 631 469 680 partim
506 633 621 681 plane
653 639 783 669 tecum
815 630 1049 676 sentiebant,
1080 630 1219 680 partim
1253 630 1427 669 medium
1458 633 1658 681 quendam

330 708 486 733 cursum
515 696 727 734 tenebant:
763 709 900 734 omnes
931 696 1153 734 habuerunt
1183 696 1287 745 leges
1317 697 1591 745 promulgatas,
1619 697 1659 735 in

331 762 374 799 iis
422 763 562 800 multas
609 775 719 800 meus
766 760 1018 808 necessarius,
1065 760 1181 799 etiam
1228 762 1277 799 de
1320 775 1407 800 mea
1452 761 1656 810 sententia,

331 828 374 866 C.
400 827 632 875 Cosconius,
657 827 773 866 iudex
795 835 936 874 noster,
961 840 1079 877 quem
1101 834 1142 864 tu
1164 825 1395 875 dirumperis
1417 840 1506 864 cum
1528 827 1657 866 aedili·
1681 840 1718 864 10

271 905 308 938 17
329 893 433 931 cium
466 893 585 932 vides.
645 894 748 931 Volo
780 893 834 931 uti
863 893 958 931 mihi
988 893 1227 942 respondeas
1256 905 1349 929 num
1381 891 1468 942 quis
1498 905 1544 931 ex
1574 900 1657 932 toto

329 958 509 1007 conlegio
535 959 659 1008 legem
683 958 730 996 sit
751 971 868 996 ausus
891 959 986 996 serre
1015 965 1164 1007 praeter
1186 970 1308 994 unum
1331 958 1398 995 te?
1427 971 1529 1007 quae
1549 965 1656 996 tanta

328 1023 366 1060 in
389 1030 425 1061 te
447 1022 561 1060 fuerit
582 1022 757 1068 audacia,
782 1036 882 1072 quae
911 1029 1017 1060 tanta
1039 1022 1094 1060 vis
1119 1030 1171 1069 ut,
1195 1023 1304 1072 quod
1325 1035 1467 1060 novem
1490 1022 1544 1060 tui
1566 1036 1656 1061 con-

327 1089 435 1137 legae
475 1087 547 1125 sibi
582 1087 803 1126 timendum
839 1100 923 1126 esse
958 1086 1148 1134 duxerint,
1186 1086 1225 1125 id
1261 1100 1361 1125 unus
1401 1094 1441 1125 tu
1481 1100 1654 1126 emersus

327 1166 347 1190 e
369 1166 504 1200 caeno,
527 1151 705 1190 omnium
728 1152 839 1191 facile
864 1152 1049 1191 omnibus
1077 1152 1192 1191 rebus
1220 1151 1378 1190 infimus
1399 1160 1654 1192 contemnen-
1675 1166 1714 1197 15

326 1219 432 1265 dum,
456 1217 768 1268 despiciendum,
799 1216 1050 1256 inridendum
1076 1218 1259 1267 putares?
1294 1230 1388 1254 num
1416 1230 1533 1267 quem
1564 1225 1653 1268 post

324 1283 462 1321 urbem
498 1282 699 1321 conditam
733 1283 832 1320 scias
862 1281 1064 1320 tribunum
1094 1281 1220 1332 plebis
1250 1281 1374 1332 egisse
1404 1295 1494 1320 cum
1525 1283 1650 1333 plebe,

266 1356 303 1386 18
325 1361 415 1386 cum
444 1355 639 1386 constaret
668 1355 861 1385 servatum
890 1361 974 1385 esse
1004 1348 1054 1386 de
1081 1348 1202 1386 caelo.
1259 1345 1384 1386 Simul
1412 1346 1528 1385 etiarn
1557 1347 1652 1387 illud

324 1414 413 1451 volo
434 1413 487 1451 uti
510 1413 761 1463 respondeas,
783 1426 873 1450 cum
899 1420 936 1451 te
964 1412 1122 1451 tribuno
1149 1411 1275 1462 plebis
1300 1419 1401 1451 esset
1430 1414 1547 1450 etiam
1569 1421 1651 1451 tum

323 1479 361 1516 in
393 1493 432 1517 re
457 1478 614 1529 publica
643 1480 702 1517 lex
729 1477 842 1516 Aelia
871 1485 908 1516 et
939 1479 1061 1525 Fufia,
1085 1491 1186 1528 quae
1212 1479 1315 1527 leges
1343 1491 1460 1528 saepe
1487 1491 1652 1518 numero
1672 1493 1711 1516 20

323 1543 551 1582 tribunicios
575 1545 720 1582 furores
749 1542 1002 1581 debilitarunt
1030 1551 1067 1581 et
1096 1550 1372 1594 represserunt,
1397 1556 1494 1593 quas
1516 1552 1652 1583 contra

321 1616 472 1658 praeter
492 1617 529 1647 te
550 1622 669 1647 nemo
693 1621 882 1658 umquam
904 1615 962 1647 est
984 1610 1110 1647 facere
1131 1617 1467 1658 conatus,—quae
1489 1608 1649 1658 quidem

320 1674 423 1723 leges
444 1687 550 1712 anno
571 1681 670 1723 post,
695 1673 923 1712 sedentibus
951 1673 990 1711 in
1022 1675 1171 1724 templo
1199 1674 1356 1712 duobus
1381 1687 1462 1712 non
1484 1674 1650 1712 consuli-

321 1739 393 1777 bus
423 1739 492 1777 sed
520 1738 784 1788 proditoribus
819 1739 934 1776 huius
962 1738 1126 1777 civitatis
1156 1752 1202 1777 ac
1232 1738 1418 1789 pestibus,
1448 1752 1527 1776 una
1556 1752 1645 1777 cum

318 1803 512 1853 auspiciis,
537 1817 626 1841 cum
649 1802 1006 1850 intercessionibus,
1032 1817 1121 1841 cum
1144 1803 1251 1846 omni
1274 1804 1355 1842 iure
1376 1803 1536 1854 publico
1557 1817 1645 1842 con·
1666 1819 1706 1850 25

319 1869 574 1918 flagraverunt
591 1884 598 1907 ε
629 1869 839 1918 ecquando
857 1868 1047 1907 dubitaris
1065 1876 1201 1907 contra
1217 1882 1281 1907 eas
1297 1870 1402 1918 leges
1424 1882 1513 1906 cum
1531 1868 1646 1918 plebe

318 1947 431 1983 agere
459 1942 496 1973 et
526 1934 738 1973 concilium
767 1936 1015 1973 convocare?
1046 1947 1141 1972 num
1170 1948 1287 1984 quem
1314 1948 1359 1972 ex
1380 1933 1565 1972 omnibus
1587 1933 1647 1971 tri—

319 1998 434 2038 bunis
467 1999 605 2049 plebis,
643 2001 885 2049 quicumque
925 1998 1100 2038 seditiosi
1135 2000 1301 2044 suerunt,
1337 2006 1415 2036 tam
1454 1999 1645 2036 audacem

346 2114 376 2134 -1
397 2108 430 2134 tu
445 2114 509 2135 om.
523 2103 628 2136 schol.
692 2105 837 2135 siciebas
849 2104 898 2134 P:
916 2104 1055 2134 sitiebas
1069 2103 1125 2133 ΒΣ
1181 2113 1283 2142 quos.
1303 2127 1329 2134 ..
1344 2102 1478 2134 dicebas
1489 2103 1595 2143 suppl.
1611 2102 1643 2132 in

319 2158 384 2187 mg.
401 2147 445 2176 lm
535 2159 553 2177 2
578 2160 596 2179 e
613 2148 732 2187 quibus
746 2149 808 2179 hos
823 2147 928 2178 Sclzol.
1036 2157 1056 2185 3
1081 2153 1114 2177 te
1126 2151 1221 2183 (tene
1234 2147 1310 2183 ἓ)...
1331 2147 1526 2176 vendidisse
1543 2147 1588 2176 sic
1597 2145 1645 2175 di-

317 2191 575 2230 st1'11.tt'(Clttent.
598 2193 702 2229 §Sam
727 2196 802 2231 post
824 2192 918 2221 vides
935 2191 956 2221 l.
985 2201 1018 2220 11
1046 2195 1171 2230 ἵναπερ.
1192 2190 1340 2225 Schuetz,
1362 2190 1455 2230 prob.
1479 2188 1643 2228 Zielmskz}

321 2234 365 2265 (Ἰ.
389 2234 452 2273 Qu.
468 2236 507 2267 iv.
519 2245 578 2274 175
664 2236 850 2266 aediliciam
870 2234 1058 2266 0112.Sclzol.
1150 2244 1168 2271 4
1190 2234 1256 2264 scis
1268 2233 1374 2264 Sclzol.
1391 2245 1396 2264 :
1423 2233 1511 2264 scies
1524 2232 1644 2263 PBEG

317 2279 336 2307 8
362 2278 551 2309 habuerunt
569 2278 614 2310 ed.
636 2279 679 2310 R.
699 2291 705 2309 :
734 2284 804 2308 -ant
818 2277 905 2308 codd.
1007 2279 1039 2307 in
1056 2277 1111 2316 iisl
1133 2278 1166 2307 in
1181 2282 1213 2307 te
1231 2277 1259 2306 is
1271 2276 1392 2307 PBEG
1494 2286 1531 2306 12
1557 2276 1645 2306 Ante

317 2322 409 2351 verba
423 2328 466 2352 sit
480 2332 582 2352 ausus
599 2323 756 2362 opinatur
771 2324 778 2338 ⁶
790 2323 859 2351 sine
875 2321 1047 2361 auspiciis’
1063 2324 1122 2350 aut
1137 2320 1306 2360 ‘auspiciis
1323 2320 1476 2351 sublatt's'
1493 2318 1644 2350 excidisse

317 2364 359 2394 K.
381 2365 507 2396 Busche
624 2375 662 2404 13
687 2365 777 2405 quod
798 2364 996 2395 Goveamas:
1020 2374 1093 2395 cum
1112 2362 1198 2394 codd.
