1774 2782
257 132 309 165 42
331 137 369 167 9¹
699 124 756 160 M.
789 123 956 158 TVLLI
989 123 1294 160 CICERONIS

265 633 303 664 92

253 1456 304 1493 43

262 1518 303 1547 93

329 240 464 281 specto
493 245 636 281 genere
664 233 861 268 humanae
886 231 1095 269 docilitatis
1124 240 1242 281 atque
1273 232 1403 282 ingeni
1434 233 1656 283 dissupatos

329 311 451 334 unum
486 297 526 334 in
560 299 690 335 locum
730 304 1015 345 congregarunt
1055 311 1200 347 eosque
1239 312 1285 335 ex
1320 298 1470 336 feritate
1509 299 1573 336 illa
1605 301 1656 336 ad

329 360 513 398 iustitiam
549 369 668 410 atque
699 362 750 398 ad
785 361 1129 399 mansuetudinem
1165 363 1478 400 transduxerunt.
1551 365 1654 400 Tum

329 440 388 463 res
404 427 454 464 ad
469 439 723 464 communem
746 426 965 472 utilitatem,
986 440 1083 475 quas
1105 427 1282 476 publicas
1298 429 1554 477 appellamus,
1572 435 1655 465 tum

329 491 604 528 conventicula
643 491 861 536 hominum,
902 504 1003 540 quae
1043 500 1180 540 postea
1218 491 1393 530 civitates
1431 492 1696 536 nominatae5

329 563 430 601 sunt,
454 563 534 593 tum
559 555 759 594 domicilia
787 556 1009 602 coniuncta,
1034 570 1130 605 quas
1161 556 1267 594 urbis
1294 557 1473 604 dicimus,
1497 556 1657 595 invento

328 628 366 658 et
400 620 534 658 divino
569 620 650 657 iure
685 628 722 657 et
762 621 937 657 humano
973 620 1182 658 moenibus
1217 629 1455 670 saepserunt.
1525 623 1658 671 Atque

328 685 427 723 inter
448 686 549 722 hanc
570 684 689 722 vitam
719 685 952 734 perpolitam
981 685 1225 724 humanitate
1252 693 1289 723 et
1316 687 1420 723 illam
1442 685 1655 724 immanem

327 750 423 788 nihil
455 757 534 788 tam
570 750 728 788 interest
764 764 882 799 quam
919 750 977 788 ius
1013 758 1131 800 atque
1163 750 1230 788 vis.
1293 753 1447 789 Horum
1482 759 1569 789 utro
1600 751 1656 789 uti

326 818 522 861 nolumus
546 817 668 854 altero
693 822 751 853 est
777 817 981 853 utendum.
1042 815 1133 853 Vim
1163 817 1345 854 volumus
1372 815 1575 865 exstingui,
1598 816 1657 854 ius
1682 833 1718 854 10

326 883 451 919 valeat
468 894 630 919 necesse
647 888 714 927 est,
732 880 771 918 id
789 888 847 919 est
864 880 1019 928 iudicia,
1037 880 1181 930 quibus
1199 894 1318 919 omne
1334 880 1393 918 ius
1410 880 1633 919 continetur
1648 896 1657 929 5

326 947 471 985 iudicia
492 946 701 996 displicent
726 955 791 984 aut
818 948 925 984 nulla
953 954 1054 993 sunt,
1076 946 1133 983 vis
1158 946 1384 984 dominetur
1403 959 1564 984 necesse
1585 954 1654 984 est.

330 1015 420 1050 Hoc
443 1012 577 1050 vident
600 1025 763 1051 omnes:
795 1011 895 1050 Milo
917 1020 954 1050 et
972 1011 1067 1050 vidit
1089 1020 1125 1050 et
1148 1011 1248 1058 fecit,
1268 1020 1309 1049 ut
1332 1011 1390 1049 ius
1408 1011 1654 1062 experiretur,

326 1079 403 1115 vim
434 1079 658 1127 depelleret.
719 1078 856 1114 Altero
887 1076 942 1114 uti
973 1076 1106 1123 voluit,
1130 1084 1171 1114 ut
1198 1076 1318 1114 virtus
1345 1076 1552 1114 audaciam
1576 1076 1657 1114 vin-

325 1151 454 1187 ceret:
497 1144 619 1180 altero
659 1156 752 1180 usus
792 1142 1014 1180 necessario
1053 1150 1121 1189 est,
1160 1156 1210 1180 ne
1244 1142 1363 1180 virtus
1401 1143 1452 1180 ab
1490 1141 1656 1180 audacia
1678 1157 1717 1188 15

326 1208 555 1246 vinceretur.
616 1209 848 1257 Eademque
878 1207 975 1245 ratio
1006 1207 1077 1245 suit
1107 1207 1217 1253 Sesti,
1250 1207 1281 1245 si
1316 1207 1445 1245 minus
1475 1207 1514 1245 in
1544 1221 1655 1245 accu-

326 1275 638 1322 sando—neque
669 1272 774 1311 enim
805 1286 873 1322 per
898 1272 1026 1310 omnis
1053 1272 1123 1311 fuit
1154 1273 1259 1311 idem
1289 1273 1369 1311 fieri
1400 1281 1657 1312 neeesse—at

326 1346 430 1376 certe
460 1338 500 1375 in
530 1337 762 1376 necessitate
792 1338 1069 1375 defendendae
1099 1338 1232 1375 salutis
1260 1351 1352 1376 suae
1382 1337 1655 1388 praesidioque

326 1412 462 1442 contra
483 1403 561 1440 vim
582 1410 620 1441 et
642 1416 802 1440 manum
824 1403 1103 1452 comparando.

381 1469 417 1507 O
451 1469 489 1506 di
526 1467 790 1506 immortales!
831 1481 1046 1517 quemnam
1087 1469 1294 1506 ostenditis
1329 1467 1474 1506 exitum
1511 1468 1714 1509 nobis?2o

326 1547 443 1583 quam
471 1546 579 1583 spem
606 1534 657 1570 rei
683 1533 864 1582 publicae
889 1532 1020 1571 datis?
1067 1535 1224 1581 Quotus
1246 1532 1412 1582 quisque
1437 1532 1655 1571 invenietur

325 1607 433 1636 tanta
454 1600 594 1636 virtute
615 1599 671 1634 vir
691 1599 757 1647 qui
779 1598 968 1647 optimam
991 1611 1190 1647 quamque
1215 1611 1374 1636 causam
1395 1597 1449 1636 rei
1474 1598 1654 1648 publicae

324 1665 591 1713 amplectatur,
619 1662 685 1712 qui
717 1662 830 1700 bonis
855 1663 944 1701 viris
975 1663 1177 1709 deserviat,
1201 1664 1267 1712 qui
1299 1662 1467 1701 solidam
1496 1664 1653 1702 laudem

324 1742 534 1778 veramque
564 1730 753 1778 quaerat?
784 1742 874 1765 cum
905 1728 1000 1765 sciat
1030 1729 1111 1766 duo
1140 1727 1206 1766 illa
1234 1728 1288 1766 rei
1317 1728 1499 1778 publicae
1528 1742 1653 1778 paene

322 1797 410 1840 sata,
452 1794 666 1833 Gabinium
707 1802 744 1831 et
784 1793 980 1841 Pisonem,
1020 1796 1185 1832 alterum
1225 1795 1377 1832 haurire
1422 1794 1567 1832 cotidie
1607 1808 1652 1832 ex
1674 1809 1712 1840 ²5

324 1860 580 1911 pacatissimis
607 1868 724 1909 atque
750 1860 1058 1910 opulentissimis
1083 1860 1214 1910 Syriae
1237 1861 1339 1911 gazis
1368 1860 1652 1898 innumerabile

323 1928 479 1976 pondus
506 1925 599 1972 auri,
622 1925 769 1963 bellum
794 1925 933 1964 inferre
955 1925 1260 1975 quiescentibus,
1284 1934 1325 1964 ut
1347 1939 1481 1964 eorum
1503 1933 1652 1964 veteres

371 2040 383 2058 1
412 2030 535 2068 dissup.
552 2029 599 2059 P:
625 2029 738 2068 dissip.
765 2029 817 2058 Bk
834 2028 878 2058 cn(⁴
901 2029 942 2059 R.
1085 2040 1104 2058 2
1129 2029 1262 2059 feritate
1280 2028 1392 2059 HGk:
1418 2028 1651 2059 ecferitateP:

325 2073 416 2103 effer.
444 2073 475 2102 B
500 2073 562 2103 rell.
715 2084 733 2110 4
767 2082 821 2102 res
850 2082 1060 2102 communem
1088 2073 1265 2102 utilitatem
1291 2072 1505 2102 continentes
1531 2072 1648 2103 Lamb.

323 2126 342 2154 5
355 2120 433 2156 post
443 2117 633 2146 nominatae
648 2121 725 2146 sunt
739 2116 845 2155 suppl.
865 2116 1082 2146 instituerunt
1093 2116 1207 2146 Madv.
1301 2126 1317 2154 7
1334 2120 1370 2146 ut
1382 2116 1557 2146 moenibus
1571 2115 1651 2145 Rau

328 2171 366 2190 10
392 2160 544 2189 volumus
561 2160 638 2190 Hk:
664 2159 810 2189 nolimus
827 2159 860 2188 P
875 2159 941 2189 rell.
954 2163 1084 2199 praeter
1100 2170 1117 2190 s
1140 2159 1323 2199 (nolumus)
1472 2170 1509 2198 13
1534 2163 1569 2189 ut
1588 2183 1595 2190 .
1613 2183 1620 2190 .
1643 2184 1650 2190 .

325 2203 513 2242 depelleret
527 2203 592 2233 sed.
614 2203 771 2241 Pluygers
913 2212 1019 2240 23—24
1043 2202 1265 2241 amplectatur
1280 2226 1287 2233 .
1309 2227 1315 2234 .
1335 2225 1343 2233 .
1366 2203 1414 2233 rei
1435 2203 1511 2242 pub.
1531 2213 1594 2233 om.
1613 2213 1652 2232 ex

325 2247 507 2276 lzonzoeoscl.
527 2246 569 2275 Pl
586 2257 592 2275 ε
618 2245 665 2275 ad
678 2247 787 2275 imam
800 2246 962 2285 paginam
979 2246 1084 2285 suppl.
1103 2245 1147 2275 F²
1278 2255 1319 2285 25
1343 2246 1426 2277 Gab.
1447 2251 1480 2276 et
1499 2246 1565 2277 Pis.
1579 2246 1649 2276 secl.

324 2290 483 2330 Pluygers
571 2291 612 2319 26
641 2289 863 2328 paratissimis
882 2288 915 2318 C.
936 2288 990 2318 Fr.
1010 2288 1185 2319 Hermann
1202 2300 1209 2319 :
1238 2289 1444 2320 beatissimis
1462 2289 1650 2329 Kiesslz'ng:

324 2333 546 2372 optatissimis
577 2333 620 2363 K.
650 2332 793 2362 Busche:
833 2331 1065 2370 pacatissimae
1096 2337 1197 2371 atque
1229 2332 1506 2372 opulentissimae
1537 2332 1647 2371 Heln„

325 2377 468 2415 Hz'rsclgf.
635 2386 673 2414 27
701 2374 967 2415 quiescentibus]
986 2375 1109 2413 quietis
1126 2375 1282 2413 gentibus
1301 2375 1469 2407 Weidner:
1494 2376 1650 2416 gentibus

326 2420 456 2450 Rt'clzlcr
