1774 2782
516 150 624 187 PRO
658 152 697 187 P.
731 150 924 187 SESTIO
955 150 1173 187 ORATIO
1447 160 1502 196 39
1523 156 1563 196 85

179 260 370 296 comitatu
409 257 641 308 comprensi,
683 259 722 295 in
761 266 941 295 senatum
981 257 1206 304 introducti,
1243 259 1423 304 confessi,
1464 257 1503 295 in

178 323 306 361 vincla
336 325 504 362 coniecti
532 336 554 361 a
582 323 745 368 Milone,
776 322 907 361 emissi
934 336 957 360 a
984 324 1173 361 Serrano:
1207 323 1354 361 mentio
1383 323 1500 360 nulla.

181 390 324 426 Forum
357 388 587 438 corporibus
622 387 765 425 civium
800 389 1073 425 Romanorum
1105 396 1346 425 constratum
1380 388 1503 426 caede

179 462 392 492 nocturna:
424 466 504 491 non
526 453 646 490 modo
668 454 773 490 nulla
800 465 901 490 nova
928 452 1117 502 quaestio,
1141 454 1209 490 sed
1235 452 1352 491 etiam
1373 460 1503 490 vetera

178 517 322 556 iudicia
352 518 517 556 sublata.
575 517 797 555 Tribunum
832 517 958 567 plebis
993 519 1079 567 plus
1110 517 1246 567 viginti
1276 517 1501 556 vulneribus

176 582 347 632 acceptis
368 582 561 621 iacentem
592 581 955 631 moribundumque
976 581 1150 619 vidistis:
1179 581 1336 619 alterius
1357 581 1499 619 tribuni

177 647 303 697 plebis
337 647 458 686 divini
492 647 849 686 hominis—dicam
882 647 988 685 enim
1020 647 1128 696 quod
1159 646 1285 684 sentio
1326 654 1363 684 et
1393 647 1502 695 quod

177 726 333 750 mecum
363 713 536 751 sentiunt
567 711 895 759 omnes-divini,
927 711 1068 761 insigni
1099 713 1281 761 quadam,
1312 710 1498 757 inaudita,

177 790 279 814 nova
306 776 576 826 magnitudine
602 776 734 822 animi,
755 776 952 826 gravitate,
977 777 1055 814 fide
1082 775 1257 825 praediti,
1280 776 1423 814 domus
1444 784 1501 814 est

119 859 158 882 10
177 850 403 892 oppugnata
423 843 533 888 ferro,
556 841 718 888 facibus,
741 841 910 879 exercitu
933 839 1140 879 Clodiano.

230 909 282 945 Et
306 916 347 945 tu
375 909 451 945 hoc
478 909 566 945 loco
594 908 729 945 laudas
761 906 955 944 Milonem
986 913 1024 943 et
1054 905 1135 944 iure
1162 907 1308 944 laudas.
1368 908 1497 954 Quem
1519 888 1573 970 ξε

175 971 281 1010 enim
310 986 499 1022 umquam
526 971 651 1009 virum
681 979 760 1009 tam
788 969 998 1008 immortali
1028 970 1168 1009 virtute
1197 971 1395 1009 vidimus?
1434 970 1500 1020 qui

176 1039 284 1076 nullo
313 1038 488 1087 praemio
517 1037 720 1088 proposito
749 1045 900 1087 praeter
930 1037 1016 1082 hoc,
1043 1038 1153 1086 quod
1182 1036 1258 1074 iam
1289 1036 1499 1074 contritum

175 1111 214 1140 et
234 1110 506 1152 contemptum
528 1110 694 1153 putatur,
718 1101 908 1140 iudicium
933 1102 1141 1148 bonorum,
1163 1101 1296 1140 onmia
1317 1100 1498 1151 pericula,

119 1183 156 1213 15
176 1182 351 1206 summos
394 1168 559 1215 labores,
599 1166 844 1218 gravissimas
883 1166 1159 1204 contentiones
1198 1165 1500 1215 inimicitiasque

176 1233 357 1283 suscepit,
391 1233 458 1283 qui
497 1232 593 1270 mihi
632 1246 733 1271 unus
773 1246 818 1270 ex
856 1231 1042 1270 omnibus
1081 1231 1232 1270 civibus
1271 1231 1423 1269 videtur
1461 1244 1500 1268 re

176 1298 369 1345 docuisse,
391 1311 472 1336 non
494 1297 633 1344 verbis,
654 1306 691 1336 et
720 1296 816 1347 quid
843 1303 1040 1346 oporteret
1060 1310 1083 1334 a
1103 1295 1391 1346 praestantibus
1412 1295 1499 1332 viris

176 1363 215 1401 in
235 1377 275 1401 re
295 1363 452 1412 publica
473 1363 553 1401 fieri
576 1371 613 1401 et
633 1362 730 1412 quid
750 1375 911 1400 necesse
932 1369 1057 1400 esset:
1088 1369 1269 1411 oportere
1293 1360 1498 1398 hominum

174 1428 395 1475 audacium,
419 1442 642 1466 eversorum
665 1428 717 1466 rei
739 1427 932 1478 publicae,
956 1426 1092 1465 sceleri
1113 1425 1264 1476 legibus
1286 1433 1323 1463 et
1344 1425 1499 1463 iudiciis

117 1513 155 1533 20
175 1494 377 1541 resistere,
411 1493 441 1531 si
471 1495 575 1543 leges
602 1507 682 1532 non
710 1494 896 1539 valerent,
923 1492 1068 1530 iudicia
1098 1505 1178 1530 non
1209 1498 1349 1537 essent,
1380 1490 1410 1528 si
1440 1504 1499 1528 res

175 1559 334 1609 publica
354 1559 390 1597 vi
411 1572 689 1608 consensuque
712 1558 919 1597 audaciam
944 1557 1060 1595 armis
1082 1570 1269 1608 oppressa
1291 1563 1497 1601 teneretur,

174 1624 370 1674 praesidio
391 1632 429 1662 et
449 1624 573 1674 copiis
593 1624 753 1662 defendi
774 1623 893 1661 vitam
915 1630 953 1661 et
974 1622 1193 1661 libertatem
1219 1635 1380 1660 necesse
1401 1635 1496 1659 esse.

176 1691 269 1727 Hoc
299 1689 440 1728 sentire
470 1688 700 1739 prudentiae
730 1696 798 1735 est,
831 1689 957 1725 facere
988 1687 1249 1735 fortitudini53
1288 1694 1326 1724 et
1355 1686 1498 1724 sentire

174 1768 266 1793 vero
299 1762 338 1793 et
372 1756 497 1793 facere
529 1755 723 1804 perfectae
755 1755 1057 1802 cumulataeque
1088 1752 1248 1790 virtutis.
1308 1751 1417 1790 Adiit
1447 1753 1497 1789 ad
1517 1762 1557 1801 87

115 1835 155 1867 ²5
175 1833 255 1857 rem
286 1819 484 1870 publicam
515 1819 693 1857 tribunus
724 1818 849 1869 plebis
879 1818 1086 1856 Milo-de
1109 1817 1219 1856 cuius
1247 1818 1362 1855 laude
1390 1818 1498 1866 plura

174 1884 315 1932 dicam,
339 1898 419 1922 non
451 1898 531 1934 quo
560 1892 627 1922 aut
656 1884 739 1934 ipse
769 1885 865 1922 haec
896 1883 973 1921 dici
1004 1897 1122 1932 quam
1153 1882 1361 1921 existimari
1392 1881 1498 1919 malit

173 1958 240 1987 aut
266 1963 339 1999 ego
366 1951 471 1987 hunc
501 1949 626 1987 laudis
656 1951 824 1986 fructum
853 1947 1044 1997 praesenti
1074 1947 1239 1985 libenter
1265 1946 1495 1996 impertiam,

174 2016 399 2065 praesertim
438 2028 529 2052 cum
568 2013 695 2052 verbis
734 2013 923 2063 consequi
963 2026 1043 2051 non
1082 2014 1240 2062 possim,
1281 2013 1351 2050 sed
1389 2012 1497 2060 quod

141 537 158 566 ‘1¹

221 2129 234 2148 1
262 2119 442 2157 conprensi
459 2117 540 2148 PG:
568 2118 805 2157 comprehensi
824 2117 856 2147 B
871 2116 940 2146 cdd.
1066 2127 1082 2155 7
1108 2115 1210 2146 divini
1227 2116 1294 2145 secl.
1315 2114 1474 2145 Momms.
1491 2126 1497 2144 :

172 2161 231 2192 sed
248 2163 285 2201 cf
303 2162 471 2200 cogitaris,
493 2162 562 2191 Vnt.
587 2163 601 2197 ξ
624 2171 670 2200 19.
719 2160 875 2190 Alterum
896 2160 999 2190 divini
1026 2159 1061 2199 (l.
1080 2161 1114 2197 8)
1140 2170 1204 2190 om.
1229 2160 1258 2194 k,
1288 2159 1320 2187 in
1341 2159 1492 2198 pat-cuth.

173 2205 302 2235 inclusit
317 2205 429 2241 Hertz,
445 2205 533 2244 quod
550 2204 661 2235 sentio
680 2228 686 2234 .
702 2229 707 2235 .
725 2228 733 2235 .
754 2204 867 2241 divini,
888 2203 1057 2241 —insigni
1069 2207 1120 2234 etc.
1211 2203 1231 2232 8
1255 2201 1496 2232 omncsdivina

172 2248 219 2279 ed.
238 2248 304 2278 R:
330 2258 447 2278 omnes
464 2248 565 2278 divini
583 2248 645 2277 viri
659 2247 783 2284 Jacob:
810 2257 927 2276 omnes
948 2246 1026 2276 boni
1045 2247 1105 2276 viri
1129 2246 1208 2276 com'.
1231 2245 1339 2275 Halm
1362 2244 1497 2282 (omncs

173 2292 251 2321 boni
268 2292 303 2330 k)
320 2302 328 2322 :
351 2302 469 2322 omnes
486 2292 618 2321 honesti
636 2290 698 2320 viri
720 2289 852 2328 Maeltly
943 2299 979 2319 12
1003 2289 1141 2329 virtute]
1161 2289 1258 2318 laude
1275 2288 1460 2327 praeditum
1477 2287 1497 2316 k

176 2345 212 2373 17
238 2340 271 2365 et
288 2335 367 2374 quid
394 2334 465 2365 Car.
493 2333 626 2375 Steplz.:
658 2334 718 2364 sed
742 2333 822 2372 quid
848 2332 933 2363 codd.
960 2333 1054 2371 (quid
1072 2332 1145 2371 Hle)
1280 2342 1320 2361 22
1346 2330 1495 2372 (civium)

174 2379 274 2409 vitam
298 2378 341 2409 K.
359 2378 485 2408 Busche
617 2387 657 2416 25
683 2377 756 2407 trib.
777 2376 864 2416 pleb.
882 2375 949 2406 secl.
967 2375 1057 2406 Bake
