1774 2782
293 130 309 156 1
332 134 345 155 2
695 120 750 154 M.
782 118 949 155 TVLLI
983 116 1287 156 CICERONIS

284 461 307 488 2

289 521 306 549 3

328 233 418 263 sunt
448 224 645 263 beneficio
675 237 760 262 esse
787 226 978 262 utendum
1009 224 1210 273 putabam,
1244 236 1290 261 ea
1319 236 1424 261 nunc
1454 222 1509 260 uti
1540 236 1658 272 cogor

328 291 366 327 in
397 303 533 328 eorum
564 289 745 339 periculis
773 288 1028 338 depellendis,
1053 294 1097 325 ut
1120 288 1165 326 iis
1190 287 1438 338 potissimum
1459 300 1533 325 vox
1561 289 1657 325 haec

327 355 466 392 serviat
494 368 662 404 quorum
691 367 809 404 opera
837 362 874 392 et
905 353 1000 391 mihi
1030 361 1068 392 et
1095 353 1207 392 vobis
1234 362 1271 392 et
1299 354 1447 403 populo
1474 354 1658 391 Romano

327 420 503 458 restituta
525 428 594 458 est.

383 486 432 522 Et
458 498 698 534 quamquam
726 498 748 522 a
770 485 820 532 Q.
843 484 1072 531 Hortensio,
1095 483 1309 522 clarissimo
1330 483 1412 521 viro
1438 491 1556 533 atque
1583 484 1658 521 elo·
1679 498 1696 530 5

327 549 596 599 quentissimo‚
617 564 733 588 causa
755 558 812 587 est
829 551 868 587 P.
890 549 988 587 Sesti
1010 557 1198 598 perorata,
1218 549 1393 598 nihilque
1414 549 1464 587 ab
1486 562 1532 587 eo
1554 561 1659 598 prae-

328 616 549 652 termissum
567 622 624 652 est
642 615 750 664 quod
765 622 831 652 aut
848 627 918 663 pro
935 627 973 651 re
991 613 1148 663 publica
1165 615 1489 663 conquerendum
1505 614 1576 651 suit
1592 621 1658 651 aut

328 692 397 728 pro
414 692 480 717 reo
496 680 790 728 disputandum,
809 687 941 716 tamen
963 679 1168 727 adgrediar
1187 678 1237 716 ad
1258 678 1483 725 dicendum,
1502 691 1551 716 ne
1572 691 1659 716 mea

328 745 588 794 propugnatio
619 743 654 782 ei
685 743 932 793 potissimum
964 743 1135 781 defuisse
1159 742 1335 781 videatur
1365 756 1432 793 per
1453 755 1571 792 quem
1601 750 1659 780 est

327 810 543 859 perfectum
565 822 615 847 ne
635 810 773 847 ceteris
795 807 945 846 civibus
967 808 1131 846 deesset.
1191 810 1324 857 Atque
1345 821 1417 857 ego
1439 809 1492 845 sic
1518 815 1656 854 statuo,
1682 822 1719 845 το

328 873 489 920 iudices,
512 887 535 911 a
556 887 618 911 me
640 873 678 910 in
702 874 774 911 liae
803 886 919 910 causa
946 880 1065 921 atque
1092 873 1168 910 hoc
1196 880 1370 911 extremo
1392 872 1551 911 dicendi
1571 873 1659 910 loco

328 939 481 989 pietatis
498 939 629 989 potius
652 952 768 988 quarn
788 937 1041 983 defensionis,
1060 939 1241 987 querelae
1262 951 1379 987 quarn
1398 939 1656 987 eloquentiae,

328 1004 474 1043 doloris
505 1018 622 1054 quani
655 1003 786 1053 ingeni
816 1005 934 1053 partis
967 1017 1052 1042 esse
1082 1012 1295 1053 susceptas.
1364 1005 1503 1052 Itaque
1533 1003 1563 1041 si
1593 1011 1659 1041 aut

328 1069 453 1107 acrius
483 1082 599 1119 egero
628 1077 694 1106 aut
725 1069 883 1107 liberius
904 1082 1023 1118 quarn
1045 1069 1112 1118 qui
1142 1076 1234 1106 ante
1264 1080 1327 1106 nie
1354 1067 1546 1114 dixerunt,
1568 1076 1660 1118 peto

328 1148 349 1172 a
371 1134 482 1172 vobis
504 1142 545 1172 ut
566 1141 718 1172 tantum
741 1133 905 1172 orationi
936 1146 1046 1172 meae
1071 1132 1300 1172 concedatis
1321 1141 1512 1183 quantum
1534 1140 1572 1171 et
1593 1133 1659 1182 pio
1684 1147 1718 1179 ¹5

328 1199 453 1238 dolori
470 1207 507 1238 et
525 1199 648 1237 iustae
666 1198 891 1237 iracundiae
904 1199 1207 1237 concedendum
1226 1199 1369 1247 putetis
1384 1212 1394 1246 3
1423 1211 1513 1235 narn
1529 1211 1658 1247 neque

329 1264 458 1302 officio
485 1263 732 1302 coniunctior
759 1265 872 1302 dolor
899 1265 1014 1301 ullius
1042 1276 1126 1302 esse
1155 1271 1283 1313 potest
1310 1276 1427 1312 quain
1456 1262 1519 1300 hic
1546 1276 1657 1301 meus

328 1338 530 1380 susceptus
558 1344 604 1368 ex
631 1329 802 1368 hominis
829 1331 879 1368 de
907 1343 969 1367 nie
991 1329 1139 1379 optime
1168 1328 1292 1367 meriti
1320 1327 1505 1378 periculo,
1527 1341 1657 1378 neque

328 1395 528 1433 iracundia
561 1394 682 1444 inagis
716 1396 793 1432 ulla
827 1395 1025 1432 laudanda
1057 1399 1109 1431 est
1137 1407 1256 1443 quam
1291 1406 1336 1431 ea
1371 1407 1471 1443 quae
1507 1406 1569 1432 me
1604 1393 1658 1431 in-

328 1463 502 1498 flammat
532 1474 667 1499 eorum
698 1462 843 1499 scelere
864 1460 930 1510 qui
960 1474 1050 1498 curn
1081 1460 1266 1498 omnibus
1295 1473 1406 1498 meae
1435 1459 1567 1498 salutis
1595 1461 1659 1499 de-
1680 1474 1720 1496 20

328 1526 547 1565 sensoribus
583 1527 728 1564 belluni
765 1540 849 1564 esse
884 1525 957 1563 sibi
992 1527 1208 1576 gerendum
1242 1526 1521 1564 iudicaverunt.
1581 1526 1659 1564 Sed

329 1591 516 1640 quoniam
563 1591 724 1640 singulis
763 1590 992 1628 criminibus
1032 1590 1149 1629 ceteri
1190 1591 1487 1640 responderunt,
1529 1590 1658 1628 dicam

329 1670 401 1706 ego
431 1658 481 1695 de
510 1658 618 1695 omni
649 1664 750 1694 statu
778 1658 817 1694 P.
842 1656 953 1703 Sesti,
980 1657 1030 1694 de
1059 1669 1202 1706 genere
1222 1655 1333 1702 vitae,
1358 1657 1408 1694 de
1438 1663 1585 1703 natura,
1609 1657 1659 1694 de

329 1722 514 1767 moribus,
541 1723 592 1760 de
622 1721 841 1760 incredibili
870 1734 1003 1759 amore
1034 1722 1073 1758 in
1104 1721 1243 1767 bonos,
1265 1721 1315 1759 de
1345 1721 1477 1758 studio
1507 1733 1659 1759 conser-

328 1787 480 1825 vandae
501 1787 633 1824 salutis
655 1786 877 1824 communis
893 1795 1011 1836 atque
1033 1787 1114 1833 oti5
1141 1786 1472 1835 contendamque,
1490 1786 1519 1823 si
1538 1786 1658 1824 modo
1681 1799 1716 1832 25

329 1851 369 1889 id
389 1850 578 1901 consequi
599 1858 745 1900 potero,
770 1859 810 1889 ut
833 1853 871 1889 in
892 1852 965 1889 hac
993 1852 1156 1889 confusa
1183 1858 1301 1900 atque
1328 1849 1508 1888 universa
1527 1851 1659 1889 defen-

329 1915 438 1954 sione
459 1915 555 1953 nihil
579 1916 629 1954 ab
652 1930 714 1954 nie
735 1917 843 1965 quod
864 1917 914 1954 ad
936 1924 1103 1954 vestram
1124 1914 1408 1964 quaestionem,
1431 1914 1528 1952 nihil
1550 1916 1659 1964 quod

328 1982 378 2020 ad
412 1994 532 2029 reum,
567 1980 664 2019 nihil
696 1982 803 2031 quod
835 1982 886 2020 ad
921 1994 1001 2019 rern
1036 1980 1234 2030 publicani
1270 1981 1461 2030 pertineat
1494 1987 1658 2029 praeter-

373 2097 390 2115 2
415 2096 531 2116 eorum
557 2090 645 2124 susp.
674 2085 858 2126 Landgraf
876 2085 928 2124 (cs.
956 2088 970 2122 ξ
993 2085 1090 2125 144):
1131 2095 1261 2115 reorum
1289 2084 1434 2125 Stangl:
1472 2085 1654 2115 amicorum

334 2129 499 2159 IVeidner:
533 2140 681 2160 nieorum
704 2130 782 2159 coni.
810 2129 951 2159 Mueller
1045 2134 1081 2159 ut
1103 2129 1259 2169 supplevi,
1285 2139 1306 2158 α
1328 2128 1460 2158 librario
1481 2129 1602 2168 aliquo,
1622 2132 1661 2158 ut

328 2173 460 2211 videtur,
479 2173 653 2207 omissum,
670 2174 731 2212 qni
743 2172 830 2202 illud
843 2173 889 2203 uti
905 2172 1024 2212 (vrns)
1042 2172 1126 2203 male
1139 2175 1214 2212 post
1224 2171 1417 2202 vocabalum
1431 2182 1535 2211 cogor
1547 2172 1662 2202 iterari

329 2217 481 2257 opinatus
497 2220 544 2246 est
562 2216 623 2257 (CI.
641 2217 705 2256 Qu.
725 2217 769 2247 iii.
790 2217 867 2253 266)
961 2218 999 2246 16
1023 2226 1099 2246 narn
1120 2226 1230 2254 neque
1248 2214 1408 2245 ntMadv.
1427 2216 1471 2244 ita
1491 2214 1554 2245 G²z
1578 2217 1653 2254 naq:

332 2262 380 2299 (Ξ
399 2262 557 2299 namque}
576 2260 628 2290 P:
653 2270 727 2290 nam
747 2260 801 2298 qui
820 2260 897 2290 BE:
920 2269 1100 2298 numquam
1118 2259 1177 2290 H:
1201 2269 1310 2298 neque
1327 2259 1347 2289 k
1448 2269 1484 2297 17
1509 2258 1609 2288 ullius
1624 2258 1660 2288 P

330 2304 392 2336 rell,
409 2307 538 2343 praeter
550 2303 658 2333 Hwks
681 2303 782 2342 <ullus
799 2315 806 2333 :
830 2304 918 2333 etita
936 2303 1049 2333 Madv.
1069 2302 1157 2343 edd.)
1355 2311 1394 2342 19
1418 2302 1582 2332 laudanda
1604 2306 1655 2332 est

329 2347 437 2377 Halm
453 2358 460 2377 :
486 2347 694 2377 laudandans
712 2346 752 2377 Ρ1
769 2358 775 2376 z
801 2346 964 2377 laudanda
982 2346 1048 2377 rell.
1202 2356 1288 2385 quae
1306 2356 1359 2376 me
1377 2357 1442 2377 om.
1463 2345 1505 2374 Pl
1523 2356 1528 2375 :
1555 2355 1653 2385 quam

331 2401 404 2420 mea
422 2391 627 2420 inflammata
644 2390 751 2420 Halm
768 2401 774 2420 :
798 2401 894 2429 quam
918 2391 970 2420 illa
987 2401 1073 2429 quae
1091 2390 1294 2420 inflammata
1314 2390 1342 2420 G
1497 2399 1534 2427 27
1560 2389 1601 2419 ab
1620 2391 1656 2418 ut

331 2433 439 2464 Ηαῖηι
456 2434 501 2463 ita
518 2434 597 2463 Hk:
622 2445 640 2464 a
659 2433 720 2463 PB
736 2444 812 2464 corr.
835 2445 873 2463 ex
887 2434 940 2465 ad.
959 2435 979 2463 k
