1774 2782
249 163 320 198 DE
354 162 518 199 DOMO
549 162 651 198 SVA
683 163 758 199 ΑΙ)
791 162 1126 199 PONTIFICES
1157 161 1372 199 ORATIO
1443 170 1468 206 4
1489 175 1508 206 9

146 288 213 323 per
233 288 300 312 eos
330 274 368 311 in
398 288 523 312 meam
550 274 751 323 pristinam
777 274 1007 323 dignitatem
1041 275 1238 311 restitutus
1267 286 1355 310 meo
1383 286 1471 310 con-

145 339 231 376 silio
251 339 526 389 repudiarem?
566 341 618 376 At
639 353 757 388 quam
781 339 1015 376 sententiam
1039 338 1117 376 dixi
1135 340 1150 376 ?
1196 338 1366 375 Primum
1385 351 1469 375 eam

145 416 262 453 quarn
294 403 427 453 populi
459 416 587 441 sermo
617 403 656 440 in
685 403 826 440 animis
862 403 1003 440 nostris
1040 403 1114 440 iam
1148 410 1239 440 ante
1275 403 1473 441 defixerat.

145 468 290 506 deinde
311 481 395 506 eam
418 481 518 517 quae
539 476 619 506 erat
641 468 905 518 superioribus
928 468 1068 505 diebus
1094 467 1236 516 agitata
1259 466 1295 504 in
1322 474 1469 511 senatu,

103 549 120 582 5
146 534 317 582 denique
337 546 423 571 eam
446 546 562 582 quam
586 541 744 571 senatus
766 535 949 582 frequens
971 541 1053 570 tum
1076 545 1164 569 cum
1196 532 1291 570 mihi
1321 538 1378 567 est
1408 531 1472 568 ad-

146 612 282 636 sensus
304 607 459 636 secutus
490 606 570 636 est:
601 606 642 636 ut
673 612 802 648 neque
831 599 962 636 adlata
983 597 1073 635 sita
1096 610 1158 634 me
1183 609 1241 633 res
1270 595 1471 644 inopinata

146 678 190 702 ac
220 677 365 710 recenS,
398 677 482 710 nec,
514 663 544 700 si
575 664 683 713 quod
712 664 750 700 in
780 662 974 701 sententia
1004 661 1140 699 vitium
1172 668 1240 707 est,
1273 659 1397 697 maius
1425 659 1471 696 sit

146 731 228 767 eius
263 729 328 778 qui
361 728 500 766 dixerit
528 741 647 778 quam
681 728 859 766 omnium
897 727 963 777 qui
999 726 1210 776 probarint.
1282 727 1333 762 At
1367 725 1469 762 enim
1497 742 1533 762 10

147 794 312 831 liberum
342 801 499 831 senatus
530 792 718 831 iudicium
750 800 909 842 propter
937 800 1085 830 metum
1116 804 1196 828 non
1222 790 1302 827 suit.
1364 789 1402 826 Si
1431 789 1472 826 ti-

90 875 128 897 10
148 859 291 897 muisse
312 872 379 896 eos
400 858 493 896 facis
514 858 580 908 qui
602 858 878 904 discesserunt,
902 858 1078 895 concede
1106 870 1185 894 non
1208 855 1383 893 timuisse
1405 868 1471 893 eos

147 924 213 973 qui
235 931 532 970 remanserunt5
562 922 620 960 sin
642 931 773 961 autem
801 922 884 960 sine
905 922 950 959 iis
978 923 1044 971 qui
1067 929 1149 958 tum
1175 922 1355 958 afuerunt
1376 919 1472 957 nihil

146 988 302 1027 decerni
324 988 444 1026 libere
464 989 602 1038 potuit,
630 1001 720 1026 cum
743 1001 881 1025 omnes
909 988 1103 1033 adessent,
1128 993 1312 1035 coeptum
1340 992 1398 1023 est
1419 998 1472 1023 re<

147 1054 232 1093 ferri
264 1055 314 1092 de
345 1053 574 1092 inducendo
608 1062 766 1091 senatus
796 1054 1004 1099 consulto,
1037 1053 1086 1090 ab
1117 1051 1299 1089 universo
1334 1058 1471 1088 senatu

147 1121 398 1156 reclamatum
430 1126 498 1156 est.
558 1119 637 1156 Sed
674 1131 819 1168 quaero
853 1118 892 1155 in
928 1117 1011 1167 ipsa
1044 1116 1248 1163 sententia,
1284 1115 1471 1165 quoniam
1494 1132 1517 1169 5

90 1198 126 1228 ¹5
147 1184 327 1233 princeps
341 1197 413 1233 ego
427 1198 513 1221 sum
527 1183 610 1221 eius
623 1192 742 1233 atque
757 1191 903 1229 auctor,
922 1184 1018 1232 quid
1033 1183 1297 1232 reprendatur.
1331 1182 1471 1219 Vtrum

147 1262 264 1286 causa
287 1248 377 1286 novi
403 1248 539 1286 consili
570 1248 752 1298 capiendi
783 1261 863 1285 non
890 1247 970 1294 suit,
997 1261 1045 1284 an
1074 1260 1183 1284 meae
1213 1254 1340 1296 partes
1368 1246 1406 1283 in
1428 1259 1473 1284 ea

147 1327 264 1351 causa
283 1327 364 1350 non
385 1313 617 1363 praecipuae
644 1315 811 1360 suerunt,
833 1326 882 1350 an
904 1312 981 1350 alio
1008 1312 1139 1361 potius
1164 1311 1470 1360 confugiendum

146 1380 217 1416 fuit
251 1379 397 1416 nobis?
446 1380 559 1426 Quae
594 1392 711 1416 causa
742 1378 866 1416 maior
905 1391 1023 1427 quarn
1057 1378 1178 1414 fames
1214 1389 1298 1414 esse
1333 1376 1470 1426 potuit,

147 1457 264 1494 quarn
295 1444 446 1490 seditio,
479 1457 597 1493 quam
628 1443 792 1481 consilia
822 1450 889 1481 tua
918 1450 1166 1491 tuorumque,
1195 1443 1260 1490 qui
1290 1443 1472 1479 facultate

90 1521 129 1544 20
147 1509 278 1547 oblata
309 1510 359 1546 ad
389 1508 656 1558 imperitorum
691 1510 844 1546 animos
874 1507 1097 1545 incitandos
1128 1514 1403 1544 renovaturum
1435 1515 1472 1545 te

149 1583 214 1611 tua
248 1574 321 1611 illis
356 1575 510 1611 funesta
549 1573 752 1612 latrocinia
788 1573 842 1611 ob
880 1586 1063 1611 annonae
1098 1585 1255 1610 causam
1299 1572 1473 1621 putasti?

150 1641 405 1677 Frumentum
455 1639 679 1688 provinciae
727 1638 1001 1677 frumentariae
1050 1637 1189 1688 partim
1239 1650 1318 1675 non
1357 1637 1528 1676 habe-11

148 1705 252 1751 bant,
285 1704 422 1754 partim
453 1704 492 1741 in
523 1705 617 1742 alias
648 1712 777 1750 terras,
811 1705 941 1750 credo,
978 1711 1136 1753 propter
1163 1702 1362 1740 avaritiam
1384 1716 1472 1740 ven-

148 1769 318 1807 ditorum
352 1768 547 1815 miserant,
579 1769 732 1818 partim,
767 1782 847 1818 quo
881 1770 1026 1818 gratius
1058 1776 1159 1805 esset
1194 1776 1276 1805 tum
1309 1781 1399 1805 cum
1432 1767 1470 1804 in

91 1853 129 1885 25
148 1835 231 1884 ipsa
251 1836 353 1872 fame
374 1834 658 1881 subvenissent,
682 1834 871 1872 custodiis
897 1834 975 1871 suis
1003 1835 1178 1871 clausurn
1205 1833 1474 1879 continebant,

149 1907 190 1936 ut
211 1899 341 1937 subito
362 1912 507 1937 novum
526 1899 734 1937 mitterent.
779 1901 858 1937 Res
876 1907 956 1937 erat
978 1912 1057 1936 non
1080 1898 1117 1935 in
1136 1897 1323 1947 opinione
1339 1898 1473 1944 dubia,

148 1966 217 2002 sed
235 1965 273 2002 in
294 1964 487 2014 praesenti
509 1973 628 2014 atque
647 1973 739 2003 ante
760 1966 896 2002 oculos
918 1966 1119 2014 proposito
1140 1963 1327 2013 periculo,
1345 1976 1473 2013 neque

194 2078 205 2097 1
233 2069 428 2107 dignitatem
453 2079 517 2099 om.
538 2069 626 2099 ΡΒΣ
763 2079 781 2108 5
807 2069 951 2108 denique
976 2068 1107 2099 Halm:
1133 2068 1173 2097 de
1198 2067 1265 2097 P¹=
1291 2067 1413 2097 deinde
1430 2065 1473 2096 Ρ)

148 2112 210 2142 rell.
231 2124 237 2142 :
261 2123 326 2143 om.
346 2111 373 2142 G
480 2123 513 2142 11
542 2112 593 2143 his
614 2112 724 2143 Prell.
822 2123 858 2151 15
885 2113 1106 2152 reprendatur
1130 2110 1180 2141 P:
1205 2110 1474 2149 reprehendatur

148 2156 240 2192 HEt,
259 2155 328 2187 edd.
350 2155 392 2187 R.
412 2159 441 2185 et
459 2155 494 2187 V.
634 2157 671 2185 18
695 2156 755 2186 suit
773 2156 869 2186 nobis
886 2155 1031 2194 splueller,
1046 2154 1138 2194 prol).
1161 2153 1332 2184 Zielinski:
1351 2154 1409 2183 suit
1423 2154 1472 2183 vis

149 2198 237 2230 codd.
257 2198 360 2239 (unde
373 2198 467 2237 Quae
484 2199 544 2237 vis,
565 2210 650 2238 quae
669 2210 770 2230 causa
788 2200 807 2228 k
825 2198 1016 2238 Naugerius
1034 2200 1085 2237 (23
1101 2198 1112 2237 )
1130 2209 1135 2227 z
1157 2197 1262 2227 fuisse
1279 2198 1328 2227 vis
1341 2201 1377 2226 ut
1389 2198 1470 2228 coni.

149 2241 263 2282 Lange
285 2243 330 2272 ita
355 2246 367 2271 t
488 2253 523 2272 21
552 2243 664 2272 binum
678 2246 754 2282 post
770 2243 885 2273 latroc.
906 2242 982 2273 add.
1002 2241 1090 2272 codd.
1104 2245 1232 2281 praeter
1245 2240 1302 2270 H:
1326 2240 1383 2270 dcl.
1403 2240 1470 2271 edd.

149 2286 191 2315 ob
203 2296 360 2316 annonae
373 2284 468 2316 ku:
484 2296 543 2325 per
556 2296 711 2316 annonae
724 2285 836 2316 Madv.
854 2298 860 2317 :
880 2296 989 2315 nonae
1001 2285 1088 2316 codd.
1100 2285 1178 2325 pler.
1235 2285 1327 2313 Num
1338 2283 1471 2313 biduum

148 2339 302 2358 annonae
320 2340 419 2359 causa
435 2339 474 2359 ex
491 2340 595 2369 matgg.
617 2330 796 2360 insertum?
819 2334 833 2366 ς
853 2340 889 2367 14
907 2329 1021 2368 adsui.
1123 2339 1159 2358 21
1189 2327 1313 2366 putasti
1339 2327 1449 2357 Muell.
1466 2338 1472 2356 z

151 2373 307 2410 putavisti
326 2373 345 2402 k
361 2373 468 2412 vulg:
498 2373 623 2412 putavit
645 2373 708 2403 rell.
730 2374 903 2412 (putarunt
920 2372 965 2410 b2)
1049 2382 1090 2410 23
1115 2372 1216 2401 credo
1233 2396 1238 2401 .
1260 2395 1266 2401 .
1296 2395 1302 2401 .
1320 2370 1471 2399 vendito-

151 2425 220 2445 rum
250 2415 310 2446 del.
339 2415 481 2445 Karsten
544 2416 714 2446 avaritiam
752 2415 864 2446 Graev.
886 2427 892 2446 :
925 2416 1121 2445 varietatem
1139 2413 1226 2444 codd.
1243 2426 1247 2444 :
1277 2413 1469 2442 aviditatem

149 2457 256 2488 Halm
389 2461 431 2489 26
454 2459 514 2489 sub
533 2469 654 2489 novum
669 2459 862 2489 Arusianus
1015 2469 1053 2496 27
1080 2458 1250 2497 praesenti
1272 2456 1447 2486 Mannum
1465 2466 1470 2484 :

151 2503 341 2539 praesentia
359 2503 445 2534 codd.
463 2515 470 2532 t
497 2503 666 2542 praesenti
684 2503 745 2532 iam
766 2503 810 2532 A.
834 2504 865 2533 C
889 2502 986 2533 Clark
