1774 2782
268 174 339 209 DE
372 174 537 212 DOMO
568 175 669 211 SVA
701 176 777 211 AD
810 176 1144 213 PONTIFICES
1176 179 1392 215 ORATIO
1467 189 1528 223 24

163 285 370 333 spondebo
406 292 506 323 tuae.
566 287 688 323 Hunc
719 285 842 335 igitur,
877 288 1030 324 funesta
1060 287 1113 325 rei
1144 287 1324 337 publicae
1358 289 1487 338 pestis,
1511 291 1534 326 3

163 350 268 386 hune
298 357 338 386 tu
370 348 494 386 civem
526 351 626 388 ferro
657 358 694 388 et
724 350 840 388 armis
872 359 909 389 et
940 352 1131 390 exercitus
1163 361 1304 391 terrore
1336 362 1372 391 et
1400 368 1489 391 con-
1511 349 1527 378 5

163 414 290 450 sulum
313 414 458 451 scelere
479 422 516 451 et
538 414 891 453 audacissimorum
915 416 1122 454 hominum
1145 417 1271 463 minis,
1291 432 1488 456 servorum

162 478 320 523 dilectu,
344 478 573 517 obsessione
591 481 843 529 templorum,
857 481 1118 530 occupatione
1136 482 1217 528 fori,
1235 484 1489 533 oppressione

126 553 142 583 5
162 543 291 580 curiae
311 543 432 580 domo
461 552 498 581 et
526 544 658 593 patria,
684 558 733 582 ne
755 559 845 582 cum
868 545 1056 595 improbis
1080 546 1173 584 boni
1206 549 1305 585 ferro
1332 548 1490 585 dimica-

162 615 257 653 rent,
277 609 416 646 cedere
437 609 608 658 coegisti,
629 623 747 659 quem
769 624 790 648 a
812 618 960 657 senatu,
981 625 1098 661 quem
1116 626 1138 649 a
1156 612 1269 650 bonis
1290 613 1485 659 omnibus,

161 686 279 723 quem
309 687 332 710 a
362 682 503 711 cuncta
536 676 649 712 Italia
679 675 956 722 desideratum,
991 677 1234 725 arcessitum,
1264 687 1487 716 revocatum

161 740 452 776 conservandae
482 739 535 777 rei
571 739 752 789 publicae
784 754 901 778 causa
931 741 1158 779 confiteris?
1221 744 1286 780 ‘At
1314 743 1418 781 enim
1449 744 1487 781 in

161 811 342 841 senatum
367 803 500 842 venire
530 803 570 841 in
602 804 843 854 Capitolium
875 806 1101 844 turbulento
1129 806 1195 844 illo
1223 807 1286 845 die
1318 822 1396 845 non
1426 810 1489 846 de-

103 884 142 906 10
162 869 303 907 buisti.’
362 870 446 919 Ego
468 883 559 908 vero
588 884 718 920 neque
740 870 828 908 veni
858 878 894 908 et
923 872 1045 909 domo
1066 885 1129 910 me
1151 873 1258 910 tenui
1281 887 1398 922 quam
1420 874 1487 912 diu
1509 876 1527 907 6

160 934 429 972 turbulentum
451 942 607 985 tempus
628 935 713 982 fuit,
736 949 825 973 cum
855 949 986 974 servos
1016 943 1113 982 tuos,
1137 951 1160 974 a
1181 945 1217 975 te
1238 937 1313 974 iam
1336 938 1487 987 pridem

157 1000 209 1037 ad
230 1000 425 1037 bonorum
447 1001 610 1038 caedem
639 1008 804 1050 paratos,
829 1015 919 1039 cum
949 1001 1012 1039 illa
1041 1009 1106 1039 tua
1133 1005 1487 1041 consceleratorum

157 1079 204 1103 ac
230 1065 471 1114 perditorum
501 1080 619 1103 manu
649 1074 818 1105 armatos
847 1065 885 1103 in
915 1066 1156 1116 Capitolium
1185 1076 1315 1106 tecum
1337 1069 1488 1107 venisse

159 1130 389 1177 constabat;
421 1132 529 1179 quod
547 1144 637 1167 cum
662 1130 757 1167 mihi
781 1130 1037 1178 nuntiaretur,
1055 1131 1152 1169 scito
1174 1145 1236 1170 me
1253 1132 1361 1170 domi
1384 1147 1488 1170 man-

101 1207 138 1239 15
159 1195 254 1234 sisse
275 1203 313 1233 et
335 1195 404 1233 tibi
427 1203 464 1232 et
484 1195 765 1245 gladiatoribus
784 1196 858 1233 tuis
882 1197 1157 1235 instaurandae
1175 1197 1305 1235 caedis
1322 1206 1488 1248 potesta-

159 1270 239 1300 tem
260 1275 339 1299 non
362 1261 509 1299 fecisse.
571 1263 715 1300 Postea
736 1275 854 1311 quam
873 1262 966 1299 mihi
983 1261 1204 1299 nuntiatum
1222 1270 1279 1300 est
1295 1265 1486 1312 populum

161 1329 387 1364 Romanum
412 1326 450 1363 in
473 1326 714 1376 Capitolium
736 1335 894 1376 propter
922 1334 1070 1364 metum
1096 1334 1214 1376 atque
1239 1327 1412 1377 inopiam
1434 1331 1486 1366 rei

159 1391 434 1430 frumentariae
456 1391 699 1437 convenisse,
726 1391 923 1430 ministros
951 1400 1081 1430 autem
1112 1394 1302 1430 scelerum
1331 1401 1486 1432 tuorum

160 1456 381 1507 perterritos
409 1456 549 1506 partim
577 1457 729 1494 amissis
757 1457 906 1507 gladiis,
934 1457 1074 1507 partim
1106 1457 1247 1506 ereptis
1275 1458 1484 1509 diffugisse,

99 1533 141 1554 20
160 1521 249 1559 veni
270 1535 349 1559 non
373 1523 500 1558 solum
522 1521 605 1559 sine
626 1523 714 1559 ullis
735 1521 858 1572 copiis
880 1536 925 1560 ac
947 1536 1080 1567 manu,
1101 1536 1235 1560 verum
1257 1523 1373 1561 etiam
1395 1539 1484 1562 cum

159 1587 292 1637 paucis
313 1586 459 1625 amicis.
519 1589 583 1624 An
604 1601 687 1637 ego,
712 1601 801 1625 cum
824 1590 864 1625 P.
889 1590 1080 1626 Lentulus
1102 1590 1239 1626 consul
1267 1589 1415 1639 optime
1436 1591 1485 1628 de

160 1666 222 1689 me
251 1665 296 1689 ac
326 1653 376 1690 de
404 1666 442 1689 re
472 1652 630 1701 publica
660 1652 830 1698 meritus,
865 1666 952 1691 cum
987 1655 1035 1701 Q.
1068 1654 1264 1701 Metellus,
1297 1654 1365 1704 qui
1395 1669 1484 1692 cum

159 1730 269 1754 meus
300 1716 481 1754 inimicus
513 1725 624 1763 esset,
656 1718 770 1756 frater
800 1725 900 1764 tuus,
934 1726 970 1756 et
1001 1718 1237 1756 dissensioni
1265 1726 1420 1758 nostrae
1447 1728 1485 1758 et

159 1781 339 1831 precibus
362 1781 436 1819 tuis
462 1783 625 1820 salutem
653 1796 699 1820 ac
727 1782 958 1831 dignitatem
987 1797 1114 1821 meam
1144 1783 1397 1833 praetulisset,
1422 1799 1485 1823 me

99 1857 140 1889 25
158 1854 397 1884 arcesserent
427 1846 466 1884 in
502 1855 692 1894 senatum,
726 1862 815 1885 cum
847 1856 954 1886 tanta
987 1849 1199 1887 multitudo
1230 1849 1372 1887 civium
1404 1858 1483 1888 tam

158 1911 303 1948 recenti
335 1911 464 1949 officio
497 1926 568 1949 suo
600 1926 663 1950 me
696 1914 746 1951 ad
783 1914 1025 1951 referendam
1058 1913 1220 1963 gratiam
1251 1915 1482 1953 nominatim

158 1984 325 2022 vocaret,
350 1990 430 2014 non
453 1977 636 2023 venirem,
662 1991 751 2015 cum
774 1978 1000 2027 praesertim
1022 1986 1059 2016 te
1081 1978 1157 2016 iam
1181 1979 1285 2016 illinc
1306 1994 1394 2017 cum
1417 1988 1483 2018 tua

158 2041 409 2090 fugitivorum
432 2055 550 2079 manu
574 2042 798 2080 discessisse
820 2045 1046 2081 constaret?
1106 2044 1185 2081 Hic
1206 2051 1246 2081 tu
1268 2058 1330 2081 me
1351 2044 1478 2090 etiam,

159 2107 364 2144 custodem
395 2108 726 2158 defensoremque
749 2108 919 2157 Capitoli
948 2111 1263 2158 templorumque
1291 2110 1478 2154 omnium,

99 2184 141 2213 30
161 2173 331 2209 ‘hostem
352 2172 637 2222 Capitolinum'
654 2175 849 2223 appellare
865 2187 982 2211 ausus
1000 2188 1050 2220 es,
1071 2176 1188 2223 quod,
1206 2188 1294 2211 cum
1313 2174 1350 2210 in
1369 2173 1481 2223 Capi-

159 2237 253 2274 tolio
281 2246 459 2275 senatum
483 2240 563 2276 duo
589 2240 771 2276 consules
797 2239 996 2284 haberent,
1021 2253 1068 2276 eo
1090 2239 1292 2276 venerim?
1340 2240 1478 2275 Vtrum

200 2343 220 2370 6
246 2342 383 2380 coegisti
405 2342 521 2371 Lamb.
542 2354 547 2371 :
574 2342 688 2372 curisti
707 2342 748 2371 P¹
767 2354 772 2372 :
799 2342 921 2371 curasti
943 2342 1004 2372 rell.
1103 2352 1138 2379 14
1163 2342 1247 2372 scito
1267 2342 1324 2381 lig.
1344 2353 1363 2380 9
1379 2353 1384 2370 z
1403 2342 1470 2371 scio

156 2385 188 2414 P
203 2385 266 2414 rell.
371 2395 407 2423 31
435 2386 584 2415 venerim
598 2390 633 2415 ut
649 2385 824 2415 Lehmann
840 2386 883 2414 ita
900 2385 917 2413 l)
933 2396 938 2414 ε
966 2386 1116 2415 venirem
1134 2384 1222 2415 codd.
1353 2386 1471 2414 KHrum

156 2428 252 2458 PBt:
281 2433 435 2458 utrumne
461 2429 522 2458 rell.
1355 2472 1391 2501 3*

1509 1597 1524 1630 *1
