1774 2782
125 866 164 888 10

123 1514 162 1535 20

364 159 474 197 PRO
508 161 548 196 L.
582 159 874 198 CORNELIO
907 160 1088 197 BALBO
1117 159 1334 197 ORATIO
1459 169 1504 196 10

239 267 355 306 Hanc
383 275 423 306 tu
451 267 576 318 igitur,
601 275 762 318 patrone
790 269 990 307 foederum
1019 281 1064 306 ac
1092 269 1389 315 foederatorum,
1412 282 1504 306 con-
1530 305 1564 315 M

183 332 382 371 dicionem
413 333 550 371 statuis
580 333 797 380 Gaditanis,
821 333 896 371 tuis
927 333 1087 379 civibus,
1111 341 1163 380 ut,
1194 335 1302 382 quod
1333 333 1377 371 iis
1407 347 1506 383 quos

184 397 334 447 magnis
364 398 609 436 adiutoribus
639 399 714 436 tuis
742 399 804 435 usi
829 399 967 436 a'w'bus
995 397 1111 435 armis
1136 398 1361 447 subegimus
1387 406 1506 447 atquc

183 462 223 500 in
244 462 441 501 dicionem
469 471 641 501 nostram
670 463 891 513 redegimus
912 463 1036 508 liccat,
1060 463 1088 500 si
1111 464 1278 512 populus
1300 465 1505 500 Romanus

184 527 410 577 permiserit,
434 535 475 566 ut
495 529 546 566 ab
567 536 715 573 senatu,
739 528 855 566 ctiam
878 541 945 577 per
971 527 1223 577 imperatores
1245 536 1397 566 nostros
1418 527 1506 565 civi-

183 599 261 629 tate
282 593 489 639 donentur,
512 593 551 630 id
573 606 622 630 ne
649 592 762 630 liceat
790 592 911 642 ipsis?
968 592 1045 639 Qui
1074 592 1103 629 si
1133 593 1210 630 suis
1231 593 1396 631 decretis
1417 593 1504 642 legi-

184 656 306 694 busve
327 656 545 694 sanxissent
566 671 615 695 ne
636 657 722 707 quis
740 670 897 695 suorum
919 657 1061 694 civium
1083 665 1206 695 castra
1227 656 1502 707 imperatorum

183 720 318 770 populi
342 721 511 759 Romani
534 722 656 768 iniret,
681 736 729 760 nc
750 722 836 771 quis
857 735 898 759 se
919 735 989 771 pro
1010 730 1142 760 nostro
1167 722 1329 771 imperio
1350 722 1388 760 in
1409 722 1504 772 peri-

183 787 314 823 culum
336 786 474 835 capitis
490 794 608 836 atque
628 788 666 824 in
684 787 784 825 vitae
801 787 1010 825 discrimen
1028 787 1196 834 inferret,
1218 787 1501 825 Gaditanorum

183 850 344 896 auxiliis,
367 864 457 888 cum
479 853 678 899 vellemus,
703 852 757 889 uti
783 852 898 890 nobis
923 860 964 890 ut
986 854 1127 897 liceret,
1149 852 1318 901 privatus
1339 866 1430 890 vero
1455 866 1504 890 ne

182 916 270 965 quis
290 915 346 952 vir
373 923 409 954 et
436 915 569 954 animo
597 924 635 954 et
661 916 802 955 virtute
822 918 1060 966 praecellens
1087 930 1157 966 pro
1184 925 1317 955 nostro
1341 917 1504 966 imperio

182 981 355 1030 periculo
390 994 462 1018 suo
496 980 710 1028 dimicaret,
749 981 913 1031 graviter
951 981 990 1020 id
1030 982 1110 1020 iure
1151 983 1346 1027 ferremus,
1382 982 1504 1019 minui

181 1044 323 1082 auxilia
366 1044 499 1095 populi
544 1045 728 1093 Romani,
773 1046 964 1084 debilitari
1011 1047 1163 1085 animos
1206 1046 1503 1085 fortissimorum

182 1109 362 1156 virorum,
385 1110 690 1160 alienigenarum
718 1125 789 1149 nos
817 1112 1022 1150 hominum
1045 1112 1182 1150 studiis
1205 1120 1323 1161 atquc
1343 1120 1504 1162 paterna

145 1174 322 1222 :virtute
355 1174 506 1224 privari.
566 1175 687 1226 Atqui
721 1176 815 1214 nihil
848 1176 1017 1224 interest,
1051 1177 1210 1224 iudices,
1242 1185 1371 1215 utrum
1405 1179 1502 1215 haec

182 1239 369 1278 foederati
392 1240 474 1277 iura
501 1240 752 1288 constituant,
775 1249 817 1279 ut
845 1256 894 1280 ne
915 1242 975 1279 cui
1005 1242 1117 1280 liceat
1145 1257 1190 1280 ex
1217 1242 1261 1280 iis
1282 1242 1502 1281 civitatibus

181 1304 231 1341 ad
267 1312 487 1342 nostrorum
522 1305 712 1344 bellorum
754 1306 926 1356 pericula
963 1308 1161 1354 accedere,
1196 1321 1258 1353 an,
1294 1320 1395 1357 quae
1430 1321 1502 1345 nos

180 1381 315 1406 corum
347 1369 496 1408 civibus
524 1370 673 1408 virtutis
701 1385 818 1408 causa
847 1371 1107 1418 tribuerimus,
1130 1385 1176 1409 ea
1199 1380 1280 1410 rata
1308 1386 1392 1410 csse
1421 1385 1501 1409 non

180 1432 331 1481 possint
349 1447 357 1480 3
388 1433 485 1471 nihil
505 1434 609 1472 enim
633 1435 754 1485 magis
773 1443 972 1473 uteremur
998 1436 1042 1473 iis
1062 1436 1316 1482 adiutoribus,
1340 1436 1501 1474 sublatis

180 1496 330 1535 virtutis
369 1499 559 1547 praemiis,
602 1512 720 1548 quam
759 1499 789 1537 si
829 1499 992 1537 omnino
1031 1499 1075 1537 iis
1108 1500 1249 1538 versari
1287 1501 1326 1537 in
1361 1501 1502 1538 nostris

181 1561 292 1599 bellis
332 1575 412 1600 non
452 1562 594 1601 liceret.
668 1563 825 1602 Etenim
866 1578 955 1602 cum
998 1578 1068 1614 pro
1113 1578 1183 1602 sua
1220 1565 1342 1614 patria
1386 1565 1500 1615 pauci

179 1634 268 1677 post
301 1640 423 1677 genus
456 1628 661 1666 hominum
700 1637 833 1666 natum
869 1630 1008 1679 reperti
1044 1629 1120 1668 sint
1149 1630 1216 1679 qui
1246 1630 1360 1667 nullis
1394 1644 1500 1679 prac-

179 1692 265 1730 miis
302 1694 508 1743 propositis
544 1694 661 1732 vitam
700 1708 810 1732 suam
845 1694 1016 1733 hostium
1051 1695 1136 1733 telis
1171 1695 1396 1741 obiecerint,
1431 1709 1500 1745 pro

178 1757 304 1796 aliena
338 1771 378 1796 re
408 1759 564 1808 publica
595 1773 834 1808 quemquam
867 1761 947 1798 sore
979 1760 1122 1810 putatis
1155 1759 1220 1809 qui
1252 1773 1293 1798 se
1326 1769 1499 1810 opponat

222 1872 241 1891 2
276 1862 328 1892 his
347 1862 422 1892 sz
511 1872 530 1900 3
564 1863 613 1892 usi
641 1863 767 1892 civibus
793 1862 940 1904 supplevi
957 1863 1005 1903 (ἐξ
1023 1865 1074 1896 26.
1097 1865 1162 1903 38;
1189 1862 1236 1894 Cl.
1254 1863 1318 1903 Qu.
1339 1863 1381 1893 iv.
1404 1864 1477 1902 1775
1495 1877 1502 1895 ε

177 1905 387 1935 adiutoribus
411 1906 476 1935 tuis
504 1905 591 1935 codd.
613 1909 741 1945 praeter
759 1905 837 1936 ku
857 1907 914 1938 all.
934 1907 1010 1946 (qui
1026 1912 1089 1946 pro
1111 1907 1244 1946 magnis
1267 1906 1387 1936 habent
1402 1908 1501 1937 Gadi-

177 1949 276 1985 tanis,
294 1959 359 1978 om.
375 1949 468 1987 tuis).
526 1949 634 1978 Locus
660 1949 748 1978 varic
764 1949 981 1981 emendatus:
1012 1951 1143 1988 magnis
1166 1950 1269 1980 adiuti
1295 1950 1437 1991 (opibus
1463 1950 1503 1991 a)

178 1991 359 2022 maioribus
373 1992 439 2021 tuis
450 1990 562 2022 Madv.
581 2003 588 2019 .·
613 1993 745 2030 magnis
763 1993 973 2023 adiutoribus
991 1993 1054 2022 illis
1073 1994 1121 2022 usi
1139 2003 1220 2023 arm.
1238 1993 1353 2031 subeg.
1370 1992 1480 2023 Iialm
1497 2006 1503 2023 ε

179 2035 291 2074 Magni
310 2035 411 2065 armis
430 2035 637 2065 adiutoribus
658 2035 721 2065 tuis
740 2035 857 2074 subeg.
870 2035 957 2066 Reid
1042 2046 1060 2074 5
1087 2037 1185 2066 etiam
1204 2047 1265 2075 per
1283 2036 1503 2075 imperatores

178 2083 313 2108 nostros
340 2078 482 2108 BEGE:
514 2079 615 2108 etiarn
643 2089 703 2117 per
730 2079 991 2118 imperatoribus
1015 2080 1137 2110 nostris
1159 2079 1210 2109 P:
1241 2080 1340 2109 etiam
1364 2080 1404 2110 ab
1424 2080 1501 2119 imp.

178 2122 302 2152 nostris
324 2125 360 2151 ut
379 2121 569 2151 Ernest.1'la
588 2126 611 2151 Σ
635 2123 668 2151 in
688 2133 755 2161 mg.
773 2133 780 2152 :
804 2127 838 2153 et
859 2123 899 2152 ab
921 2124 996 2162 imp.
1016 2134 1046 2154 n,
1066 2122 1198 2154 M'ucllst
1226 2123 1266 2152 ab
1283 2123 1361 2162 imp.
1382 2134 1412 2153 n.
1432 2122 1502 2162 (dcl.

177 2165 291 2195 ctiam]
317 2172 352 2194 ut
372 2164 486 2194 Baiter
500 2165 544 2194 ila
562 2164 673 2196 ΗΙ)’>“;
700 2170 733 2195 ct
763 2166 840 2205 imp.
865 2177 896 2197 n.
921 2166 1010 2196 Paul
1038 2167 1110 2205 (dcl.
1140 2167 1239 2196 etiam
1267 2167 1321 2206 ab)
1406 2177 1444 2196 10
1468 2171 1503 2196 ut

177 2207 294 2237 liceret
327 2207 417 2238 Paul
448 2208 576 2246 (Gadit.
608 2214 643 2238 ut
672 2210 806 2239 auxiliis
835 2209 1007 2249 Pluygers*¹
1025 2221 1032 2240 t
1073 2220 1140 2240 non
1172 2210 1288 2240 liceret
1321 2209 1408 2239 codd.
1438 2210 1503 2246 (uti

178 2261 250 2280 cum
264 2251 425 2282 vellemus
438 2262 504 2282 non
516 2251 634 2282 liceret
642 2251 766 2289 Hbffi:
785 2252 900 2283 liceret
913 2253 1042 2283 Madv.:
1062 2254 1199 2283 omnino
1212 2253 1326 2282 liceret
1340 2252 1502 2282 life-ulna:

176 2299 305 2324 tantum
328 2294 445 2324 liceret
467 2294 594 2325 Halm:
624 2305 690 2325 non
717 2295 844 2333 liccrct,
864 2297 1012 2335 privatus
1035 2307 1115 2326 vero
1137 2297 1210 2336 quis
1229 2320 1234 2326 .
1257 2321 1263 2327 .
1283 2321 1289 2327 .
1308 2297 1502 2326 dimicaret?

176 2337 294 2366 Kalmt
437 2348 473 2375 14
507 2343 645 2377 paterna
670 2338 757 2369 codd.
775 2343 902 2377 praelcr
916 2339 948 2368 E
962 2340 1095 2379 [patriai
1115 2352 1121 2370 z
1151 2345 1289 2370 externa
1313 2339 1477 2378 t'lngclt'us
1495 2349 1501 2367 ι

175 2381 306 2418 privata
316 2381 394 2411 com'.
407 2381 516 2411 Halm
598 2392 635 2420 ¹9
654 2382 757 2412 nihilo
770 2382 889 2413 Lautl).
967 2393 1006 2420 24
1026 2384 1150 2421 putatis
1166 2383 1268 2413 Hb‘3‘:
1298 2383 1418 2422 putasti
1435 2381 1498 2411 rell.

1528 175 1565 206 25

1526 245 1571 272 10

1529 315 1566 336 -0

1528 1181 1566 1213 26
