1774 2782
243 145 297 183 50
318 145 377 174 108
681 140 738 177 M.
769 141 936 176 TVLLI
970 140 1274 178 CICERONIS

249 608 292 645 51

232 668 291 700 109

230 1430 289 1452 110

315 248 461 286 inimici
498 248 573 287 mei
605 250 655 287 de
687 262 750 286 nie
782 251 924 287 eodem
959 251 1009 287 ad
1040 263 1174 288 verum
1209 252 1400 300 populum
1430 251 1470 288 in
1499 264 1641 300 campo

315 312 460 349 Martio
490 313 741 351 contionem!
801 314 900 362 Quis
930 327 1010 352 non
1040 317 1162 353 modo
1190 315 1433 365 adprobavit,
1465 316 1534 353 sed
1562 329 1642 353 non

314 376 629 426 indignissimum
661 377 811 415 facinus
841 378 990 428 putavit
1020 378 1128 416 illum
1157 393 1237 417 non
1266 379 1396 418 dicam
1424 378 1542 429 loqui,
1573 380 1642 417 sed

313 441 440 480 vivere
464 455 509 480 ac
540 444 712 492 spirare?
774 443 873 491 Quis
904 443 974 482 fuit
1005 444 1070 494 qui
1101 457 1182 482 non
1217 444 1299 483 eius
1330 459 1426 483 voce
1456 444 1642 482 maculari

312 520 393 545 rem
441 507 652 556 publicam,
695 522 815 558 seque
863 510 893 546 si
942 522 1032 547 eum
1080 511 1233 548 audiret
1271 512 1416 548 scelere
1454 509 1641 559 adstringi

311 572 588 611 arbitraretur?

365 638 494 676 Venio
521 640 571 677 ad
596 639 765 686 comitia,
794 639 874 678 sive
905 642 1199 689 magistratuum
1230 642 1357 691 placet
1388 642 1468 679 sive
1498 642 1638 690 legum.

313 705 436 752 Leges
455 704 632 742 videmus
654 719 769 754 saepe
792 705 876 743 ferri
900 707 1052 744 multas.
1100 706 1253 745 Omitto
1269 720 1333 744 eas
1350 720 1451 755 quae
1467 707 1642 744 feruntur

312 771 363 806 ita
384 769 445 806 vix
473 778 513 807 ut
538 770 659 820 quini,
684 778 722 808 et
750 772 773 807 ii
802 785 848 808 ex
875 771 1002 809 aliena
1028 771 1141 818 tribu,
1165 773 1231 821 qui
1262 770 1487 820 suffragium
1517 772 1641 809 ferant

311 834 559 884 reperiantur.
611 837 672 874 De
694 850 768 883 me,
786 850 904 885 quem
927 845 1135 885 tyrannum
1156 845 1274 885 atque
1291 843 1509 885 ereptorem
1531 836 1641 873 liber-

310 899 399 937 tatis
416 913 500 938 esse
516 900 673 938 dicebat
689 900 753 938 illa
769 900 879 939 ruina
895 901 947 939 rei
965 901 1156 951 publicae,
1176 901 1270 939 dicit
1291 914 1332 939 se
1353 902 1479 950 legem
1495 901 1639 939 tulisse.

312 964 410 1012 Quis
432 974 488 1003 est
510 966 575 1015 qui
604 980 655 1013 se,
680 980 769 1004 cum
797 974 934 1004 contra
960 980 1024 1004 me
1050 967 1256 1013 ferebatur,
1280 966 1397 1004 inisse
1418 967 1641 1016 suffragium

310 1031 571 1068 confiteatur?
619 1032 721 1069 Cum
743 1039 873 1069 autem
896 1033 946 1070 de
968 1045 1031 1070 me
1052 1033 1193 1070 eodem
1215 1045 1261 1070 ex
1282 1039 1439 1069 senatus
1460 1033 1642 1070 consulto

310 1095 477 1133 comitiis
499 1096 723 1134 centuriatis
745 1097 950 1143 ferebatur,
974 1097 1061 1146 quis
1082 1105 1139 1135 est
1161 1097 1226 1146 qui
1253 1110 1333 1134 non
1353 1098 1580 1147 profiteatur
1600 1110 1640 1134 se

309 1160 480 1199 adfuisse
510 1170 547 1199 et
577 1161 800 1211 suffragium
832 1163 881 1200 de
916 1164 1040 1200 salute
1070 1176 1157 1200 mea
1186 1161 1349 1200 tulisse?
1404 1163 1499 1199 Vtra
1527 1161 1640 1211 igitur

309 1238 425 1263 causa
447 1227 643 1276 popularis
664 1227 782 1265 debet
804 1227 924 1266 videri
942 1243 948 1266 :
980 1227 1018 1265 in
1040 1241 1118 1277 qua
1139 1241 1277 1266 omnes
1304 1228 1528 1265 honestates
1554 1226 1641 1264 civi-

309 1291 410 1338 tatis,
432 1305 570 1330 omnes
598 1300 755 1339 aetates,
780 1306 917 1330 omnes
945 1293 1103 1331 ordines
1130 1307 1209 1330 una
1236 1292 1500 1339 consentiunt,
1524 1306 1573 1330 an
1601 1292 1641 1329 in

309 1369 386 1404 qua
414 1356 533 1394 furiae
561 1357 779 1395 concitatae
807 1366 1008 1407 tamquam
1036 1359 1086 1395 ad
1114 1359 1229 1394 funus
1258 1357 1309 1395 rei
1341 1357 1521 1406 publicae
1551 1370 1641 1394 con-

309 1423 470 1459 volant?
526 1424 589 1459 An
622 1421 745 1459 sicubi
773 1422 896 1460 aderit
919 1422 1079 1468 Gellius,
1104 1423 1225 1460 homo
1246 1430 1283 1460 et
1304 1423 1417 1459 fratre
1442 1421 1635 1470 indignus,

309 1486 390 1523 viro
424 1486 638 1524 clarissimo
672 1494 790 1536 atque
824 1487 975 1536 optimo
1007 1489 1181 1533 consule,
1213 1495 1250 1525 et
1284 1486 1421 1524 ordine
1455 1486 1635 1535 equestri,

309 1551 419 1588 cuius
440 1551 502 1589 ille
524 1551 670 1589 ordinis
698 1565 843 1590 nomen
872 1552 1021 1597 retinet,
1045 1560 1276 1590 ornamenta
1303 1552 1483 1599 confecit,
1507 1551 1546 1590 id
1568 1552 1638 1590 erit

308 1618 526 1666 populare?
585 1619 677 1654 ‘Est
705 1616 809 1654 enim
838 1619 959 1655 homo
985 1617 1056 1655 iste
1082 1619 1228 1667 populo
1251 1619 1435 1654 Romano
1457 1616 1637 1654 deditus.’

310 1682 418 1719 Nihil
440 1682 516 1720 vicli
540 1682 685 1732 magis3
715 1683 792 1732 qui,
816 1696 905 1720 cum
931 1683 1013 1721 eius
1040 1682 1308 1721 adulescentia
1329 1682 1367 1719 in
1388 1681 1638 1731 amplissimis

308 1747 523 1785 honoribus
554 1747 696 1785 summi
724 1747 803 1794 viri,
834 1749 877 1785 L.
905 1747 1073 1797 Philippi
1104 1747 1237 1795 vitrici,
1267 1749 1403 1786 florere
1432 1747 1634 1798 potuisset,

308 1825 431 1860 usque
452 1825 499 1850 eo
516 1825 595 1850 non
617 1812 687 1850 fuit
708 1812 905 1862 popularis
927 1820 968 1850 ut
989 1813 1095 1851 bona
1116 1814 1221 1851 solus
1242 1820 1461 1860 comesset,
1490 1812 1636 1851 deinde

307 1891 353 1914 ex
374 1876 527 1926 impuro
546 1878 799 1915 adulescente
820 1886 856 1916 et
878 1879 1090 1927 petulante,
1112 1887 1248 1928 postea
1269 1892 1387 1928 quam
1413 1892 1494 1916 rem
1516 1886 1637 1927 pater-

307 1955 397 1979 nam
427 1942 477 1980 ab
505 1942 714 1981 idiotarum
744 1943 888 1981 divitiis
918 1945 969 1982 ad
996 1943 1322 1994 philosophorum
1353 1945 1524 1982 reculam
1554 1956 1635 1992 per-

307 2007 426 2054 duxit,
464 2009 700 2046 Graeculum
738 2022 778 2046 se
811 2016 930 2058 atque
964 2009 1134 2047 otiosum
1173 2008 1300 2058 putari
1334 2007 1467 2054 voluit,
1505 2007 1636 2045 studio

307 2071 519 2110 litterarum
552 2086 593 2111 se
628 2073 758 2111 subito
790 2073 954 2112 dedidit.
1017 2073 1124 2112 Nihil
1160 2087 1253 2112 sane
1282 2074 1420 2111 Actaei
1449 2072 1635 2110 iuvabant

348 2185 368 2213 9
386 2175 404 2204 ii
417 2174 466 2204 P:
485 2175 517 2204 hi
530 2175 587 2206 ΒΣ
655 2176 781 2214 aliena]
793 2177 858 2206 ima
870 2176 916 2206 ed.
931 2177 1076 2215 Hervag.
1172 2186 1184 2205 1
1195 2187 1207 2205 1
1227 2176 1315 2205 dicet
1327 2175 1421 2205 PBG
1514 2186 1524 2205 1
1535 2186 1550 2214 7
1569 2186 1634 2206 una

305 2218 391 2248 codd.
410 2229 416 2247 z
441 2229 505 2248 una
522 2229 604 2248 voce
623 2218 713 2249 Koch
734 2220 845 2254 (Ball).
864 2223 878 2256 ξ
898 2220 950 2257 12)
970 2231 976 2249 :
1002 2230 1066 2249 una
1085 2225 1197 2249 mente
1216 2219 1353 2249 Mueller
1440 2229 1479 2257 27
1506 2219 1633 2249 deliciis

305 2261 540 2301 Pantagathus
629 2263 776 2292 reculam
804 2263 1001 2302 Lalcndmf:
1035 2263 1183 2301 regulam
1206 2262 1291 2292 codd.
1310 2273 1315 2292 :
1348 2262 1494 2300 tegulam
1522 2261 1554 2293 C.
1575 2262 1631 2292 Fr.

304 2304 493 2343 Ilernmnn,
525 2306 700 2344 pergulam
733 2306 976 2345 Bezzenbetger,
1012 2306 1161 2345 perulam
1195 2305 1324 2336 Scheibe
1477 2316 1519 2344 29
1550 2315 1632 2335 sane

304 2348 422 2378 Actaei
457 2350 576 2388 scripsi,
608 2360 690 2379 sane
719 2349 822 2380 Attici
860 2348 996 2380 Madv.:
1038 2360 1119 2379 sane
1155 2353 1222 2390 atte
1256 2349 1341 2380 codd.
1373 2349 1545 2388 (iuvabant
1573 2359 1630 2378 an-

305 2398 493 2429 angnostae
514 2393 573 2423 sul.
594 2393 661 2424 F‘2‘v.
708 2393 816 2423 Locus
833 2394 920 2423 varie
941 2393 1157 2423 emendatus:
1186 2403 1267 2423 sane
1284 2393 1325 2423 ad
1345 2393 1427 2422 haec
1442 2393 1530 2432 Jeep,
1549 2402 1630 2422 sane

1662 525 1679 557 5

1664 849 1702 870 10

1662 1172 1699 1203 Ι5

1659 1499 1700 1521 20

1658 1823 1696 1855 25
