1774 2782
252 149 389 189 40106
690 144 746 179 M.
778 142 944 179 TVLLI
978 140 1282 179 CICERONIS

262 361 305 397 41

291 434 298 450 d

250 1366 308 1395 108

252 2025 311 2058 109

326 255 452 291 solum
482 253 676 301 adfligere,
700 250 808 299 quod
837 256 895 287 est
919 247 1134 297 praesentis
1159 248 1334 285 insaniae
1362 246 1473 296 quasi
1507 253 1652 296 tempe-

326 317 433 355 statis
456 317 691 366 repentinae,
716 315 785 352 sed
806 313 923 351 etiam
952 312 990 349 in
1013 319 1214 362 posterum
1235 319 1391 360 tempus
1414 310 1653 360 sempiterna

326 381 510 431 religione
537 380 738 429 obligare?
795 376 993 426 Equidem
1025 375 1078 414 sic
1108 375 1257 425 accepi,
1287 374 1505 426 pontifices,
1531 376 1569 412 in
1600 389 1653 414 re-

325 446 534 495 ligionibus
555 443 815 493 suscipiendis
836 450 953 492 caput
974 454 1059 480 esse
1080 441 1322 490 interpretari
1348 454 1449 490 quae
1471 442 1653 479 voluntas

324 513 486 550 deorum
512 510 789 548 immortalium
812 521 897 546 esse
919 508 1120 554 videatur3
1149 519 1223 545 nec
1255 513 1313 545 est
1341 507 1419 544 ulla
1447 519 1535 556 erga
1557 507 1653 544 deos

326 578 448 627 pietas
470 577 550 614 m'st'
564 577 616 613 sit
630 576 795 612 honesta
816 575 865 611 de
886 573 1050 610 numine
1070 585 1206 610 eorum
1224 585 1269 609 ac
1290 580 1423 609 mente
1444 569 1590 619 opinio,
1613 578 1655 608 ut

326 641 452 692 expeti
492 640 586 678 nihil
621 640 671 677 ab
704 638 758 685 iis,
794 639 901 687 quod
935 637 981 675 sit
1018 636 1205 674 iniustum
1236 644 1355 685 atque
1389 636 1653 681 inhonestum,

327 709 468 745 iustum
508 710 579 743 aut
614 706 806 741 honestum
849 701 1045 740 arbitrere.
1105 702 1324 739 Hominem
1372 699 1546 738 invenire
1585 699 1657 738 ista

327 774 444 819 labes,
475 780 557 810 tum
583 784 673 808 cum
705 770 838 808 omnia
866 769 1039 812 tenebat,
1072 768 1271 805 neminem
1300 766 1427 816 potuit
1457 765 1519 803 cui
1549 780 1656 804 meas

327 838 434 876 aedis
461 838 674 882 addiceret,
705 834 766 872 cui
798 835 977 880 traderet,
1010 832 1071 870 cui
1101 834 1277 870 donaret.
1340 833 1431 881 Ipse
1460 845 1550 869 cum
1580 831 1655 869 loci

327 903 438 949 illius,
463 916 552 940 cum
583 902 741 939 aedium
772 898 988 948 cupiditate
1019 898 1194 947 flagraret
1225 897 1277 935 ob
1308 910 1474 946 eamque
1497 910 1655 934 causam

327 982 444 1006 unam
474 969 626 1005 funesta
652 967 715 1003 illa
743 965 945 1014 rogatione
971 976 1040 1001 sua
1069 962 1125 1000 vir
1155 963 1285 1000 bonus
1313 963 1520 1000 dominum
1549 975 1590 999 se
1618 961 1655 999 in

327 1033 424 1071 meis
446 1032 560 1070 bonis
582 1045 666 1069 esse
689 1029 885 1075 voluisset,
910 1036 1042 1066 tamen
1066 1027 1131 1065 illo
1154 1027 1238 1077 ipso
1268 1028 1307 1064 in
1336 1028 1462 1064 furore
1483 1040 1555 1064 suo
1577 1040 1656 1064 non

328 1106 384 1137 est
406 1111 522 1135 ausus
544 1110 671 1135 meam
701 1096 878 1139 domum,
900 1095 1011 1131 cuius
1039 1092 1256 1142 cupiditate
1278 1093 1542 1129 inflammatus
1564 1099 1654 1138 erat,

327 1163 527 1214 possidere
547 1177 554 1199 :
583 1162 680 1200 deos
702 1160 933 1197 immortalis
954 1157 1193 1204 existimatis,
1217 1156 1328 1195 cuius
1350 1156 1482 1195 labore
1509 1163 1546 1194 et
1567 1170 1657 1193 con-

328 1229 413 1267 silio
435 1242 503 1266 sua
524 1226 594 1277 ipsi
618 1227 763 1276 templa
785 1231 1005 1270 tenuerunt,
1029 1223 1068 1260 in
1097 1222 1179 1261 eius
1207 1223 1372 1261 domum
1400 1221 1597 1260 adflictam
1620 1229 1657 1259 et

330 1307 502 1332 eversam
534 1305 601 1342 per
641 1288 757 1343 [vim]
791 1291 962 1328 hominis
998 1287 1286 1327 sceleratissimi
1322 1286 1513 1325 nefarium
1547 1288 1659 1324 latro-

330 1359 475 1397 cinium
498 1356 702 1406 inmigrare
724 1354 925 1392 voluisse?
982 1353 1090 1393 Civis
1107 1361 1163 1391 est
1181 1366 1299 1391 nemo
1317 1358 1426 1390 tanto
1442 1351 1481 1389 in
1499 1352 1657 1401 populo,

330 1430 434 1462 extra
456 1421 762 1460 contaminatam
786 1419 890 1457 illam
912 1426 948 1457 et
970 1426 1173 1457 cruentam
1198 1420 1239 1455 P.
1259 1416 1372 1457 Clodi
1396 1430 1568 1463 manum,
1592 1418 1658 1466 qui

330 1502 408 1526 rem
432 1488 550 1525 ullam
578 1487 627 1524 de
656 1484 751 1523 meis
780 1484 895 1522 bonis
919 1483 1098 1533 attigerit,
1125 1482 1192 1533 qui
1217 1496 1298 1520 non
1326 1495 1396 1531 pro
1417 1481 1496 1519 suis
1517 1481 1658 1530 opibus

330 1553 367 1590 in
391 1553 453 1590 illa
484 1558 716 1600 tempestate
744 1563 807 1587 me
835 1549 1065 1587 defenderit.
1126 1550 1178 1585 At
1207 1548 1272 1597 qui
1300 1547 1430 1596 aliqua
1458 1560 1498 1584 se
1528 1554 1659 1585 conta-

328 1620 444 1668 gione
458 1617 637 1667 praedae,
657 1614 865 1661 societatis,
884 1613 1096 1663 emptionis
1112 1614 1494 1659 contaminaverunt,
1516 1611 1659 1650 nullius

330 1697 458 1733 neque
473 1682 608 1732 privati
623 1694 753 1730 neque
771 1679 916 1730 publici
936 1679 1052 1717 iudici
1069 1692 1238 1729 poenam
1253 1680 1421 1727 effugere
1435 1684 1656 1727 potuerunt.

330 1751 388 1786 Ex
418 1748 477 1785 his
509 1748 620 1797 igitur
647 1746 773 1792 bonis,
803 1759 850 1783 ex
878 1744 1022 1794 quibus
1050 1757 1168 1782 nemo
1196 1756 1277 1781 rem
1300 1744 1418 1781 ullam
1446 1742 1570 1792 attigit
1592 1742 1659 1792 qui

330 1827 409 1852 non
429 1813 605 1851 omnium
624 1811 770 1850 iudicio
785 1809 1105 1850 sceleratissimus
1126 1809 1349 1856 haberetur,
1366 1810 1405 1846 di
1420 1808 1659 1846 immortales

330 1880 494 1917 domum
525 1891 653 1915 meam
688 1877 1027 1926 concupiverunt?
1086 1877 1167 1913 Ista
1194 1883 1260 1913 tua
1290 1875 1452 1925 pulchra
1484 1874 1659 1912 Libertas

331 1947 426 1983 deos
466 1942 616 1994 penatis
656 1950 693 1980 et
728 1941 925 1980 familiaris
963 1955 1070 1979 meos
1094 1943 1203 2000 *lares
1235 1941 1393 1991 expulit,
1427 1947 1468 1977 ut
1503 1953 1543 1978 se
1577 1938 1660 1989 ipsa

332 2018 533 2059 tamquam
554 2008 592 2045 in
610 2007 772 2058 captivis
789 2007 950 2045 sedibus
966 2008 1218 2045 conlocaret?
1276 2007 1385 2055 Quid
1402 2012 1458 2043 est
1475 2004 1656 2052 sanctius,

375 2115 395 2142 6
420 2113 480 2142 nisi
507 2113 548 2141 sit
566 2112 698 2152 scripsi:
720 2111 746 2141 si
765 2111 854 2142 codd.
874 2111 953 2143 (nisi
971 2111 1037 2143 bles„
1056 2122 1062 2141 z
1090 2111 1116 2141 si
1143 2111 1286 2141 honesta
1313 2110 1408 2140 deest
1435 2109 1530 2148 (dee)
1548 2108 1635 2138 Bait.
1652 2119 1658 2137 z

331 2157 403 2186 sine
423 2157 566 2185 honesta
585 2180 592 2186 .
613 2179 619 2185 .
641 2181 646 2185 .
665 2155 825 2194 opinione
844 2155 952 2185 Halm
1043 2156 1106 2184 6*ss
1127 2159 1185 2185 ut.
1208 2177 1214 2183 .
1234 2177 1240 2184 .
1262 2154 1385 2183 iustum
1405 2158 1459 2182 aut
1477 2153 1657 2182 honestum

331 2200 495 2230 arbitrere
506 2200 635 2239 scripsi(
648 2199 694 2229 Cl.
709 2198 771 2237 Qu.
784 2199 824 2229 iv.
841 2209 899 2237 173
911 2210 933 2231 3:
948 2204 1014 2230 ut..
1025 2222 1032 2229 .
1044 2198 1093 2228 sas
1106 2209 1182 2228 esse
1194 2198 1358 2227 arbitrere
1372 2196 1596 2227 M11ell.:cum
1609 2218 1615 2225 .
1632 2220 1638 2225 .
1651 2217 1657 2225 .

331 2244 492 2273 arbitrare
508 2248 596 2281 t-ere
610 2242 643 2276 ὅ)
655 2242 744 2272 codd.
760 2253 765 2271 :
785 2253 857 2272 cum
871 2265 878 2273 .
895 2266 901 2272 .
916 2266 922 2272 .
938 2241 1139 2271 arbitramur
1153 2246 1312 2281 oportere
1323 2240 1429 2270 Halm
1522 2249 1534 2268 1
1545 2249 1556 2268 1
1586 2249 1659 2268 cum

332 2287 372 2316 k:
391 2292 458 2316 tum
476 2286 508 2315 P
522 2290 550 2316 et
560 2287 639 2325 pler.
821 2296 857 2314 12
884 2286 1016 2315 funesta
1034 2285 1144 2315 Muell.
1166 2288 1198 2322 (ξ
1214 2287 1270 2323 42)
1287 2296 1294 2314 1
1319 2294 1383 2314 una
1404 2285 1482 2322 (om.
1502 2282 1558 2319 Ge)
1574 2282 1660 2312 iusta

332 2329 417 2360 codd.
435 2341 441 2359 :
469 2330 629 2359 universa
650 2329 789 2358 Lamo:
819 2329 941 2358 iniusta
965 2328 1046 2359 Ern.
1064 2340 1070 2359 ε
1099 2329 1211 2358 inusta
1227 2327 1336 2358 Halm
1447 2337 1483 2365 17
1504 2326 1572 2356 vim
1589 2325 1656 2355 secl.

333 2373 513 2402 Momms.:
540 2372 637 2402 unius
655 2372 732 2401 ku
864 2382 901 2402 21
928 2382 965 2402 se
982 2383 1046 2402 om.
1065 2371 1109 2402 Pl
1127 2383 1132 2403 ι
1154 2375 1230 2411 post
1252 2371 1433 2409 emptionis
1450 2369 1529 2400 conl.
1550 2367 1659 2398 Halm

332 2427 373 2455 24
399 2428 440 2446 ex
458 2416 521 2446 cod.
543 2415 660 2446 Lamb.
681 2427 686 2446 :
711 2427 777 2446 om.
800 2416 866 2447 rell.
887 2416 1044 2455 (quorum
1063 2415 1140 2445 ku
1158 2414 1226 2445 edd.
1245 2415 1287 2445 R.
1305 2418 1333 2444 ct
1352 2414 1406 2452 V.)
1557 2423 1596 2450 27
1623 2422 1658 2442 56

335 2460 445 2492 Garat.
463 2472 469 2491 ε
494 2465 526 2490 te
544 2459 631 2490 codd.
654 2460 685 2500 [a
704 2466 736 2490 te
755 2484 761 2491 .
785 2484 790 2491 .
810 2484 816 2491 .
839 2461 1071 2490 conlocaretur
1087 2458 1159 2500 Hk)

1681 849 1716 869 10

1680 1171 1716 1203 ¹5

1680 1496 1720 1518 20

1683 1827 1719 1858 ²5
