1774 2782
487 141 596 180 PRO
628 142 668 178 P.
701 141 893 179 SESTIO
925 140 1142 178 ORATIO
1428 150 1479 186 24

206 252 284 290 Sed
299 259 339 289 ut
357 259 522 290 revertar
537 252 588 290 ad
610 251 705 289 illud
721 252 830 301 quod
845 251 939 288 mihi
958 250 996 289 in
1013 252 1086 289 hac
1103 264 1211 289 omni
1229 258 1286 289 est
1303 251 1479 289 oratione

1501 155 1539 186 53

1499 230 1550 266 24

152 316 409 365 propositum,
435 316 620 355 omnibus
642 316 753 354 malis
778 316 844 355 illo
868 330 974 355 anno
999 318 1145 355 scelere
1166 317 1375 354 consulum
1397 330 1477 354 rem
1523 311 1531 319 “

152 380 349 429 publicam
381 394 466 420 esse
501 382 733 429 confectam,
766 381 934 431 primum
966 381 1032 420 illo
1063 381 1148 431 ipso
1176 381 1253 429 die,
1286 381 1353 431 qui
1384 381 1478 418 mihi

152 446 328 483 funestus
353 445 434 492 fuit,
458 446 643 484 omnibus
667 446 783 484 bonis
808 447 1022 493 luctuosus,
1044 460 1135 484 cum
1156 459 1230 496 ego
1252 459 1315 484 me
1335 460 1352 483 e
1372 459 1478 483 com-

113 524 129 555 5
151 511 265 560 plexu
287 511 432 560 patriae
453 517 749 560 conspectuque
770 518 898 549 vestro
919 510 1164 560 eripuissem,
1180 518 1218 548 et
1241 518 1346 549 metu
1364 509 1477 548 vestri

150 574 323 624 periculi,
361 588 441 612 non
477 574 565 622 mei,
602 575 719 613 furori
752 575 935 622 hominis,
973 575 1121 622 sceleri,
1158 575 1355 624 perfidiae,
1393 575 1478 613 telis

152 638 347 689 minisque
379 639 595 687 cessissem,
618 639 873 690 patriamque,
901 652 1003 690 quae
1038 639 1133 677 mihi
1164 647 1244 677 erat
1269 639 1477 686 carissima,

150 711 308 753 propter
323 703 442 753 ipsius
458 704 605 754 patriae
621 704 822 743 caritatem
838 704 1097 754 reliquissem,
1116 717 1206 742 cum
1225 718 1354 742 meum
1373 704 1478 742 illum

151 781 284 805 casum
294 775 373 806 tam
388 768 891 819 horribilem,tamgravem,
903 776 983 807 tam
997 768 1248 818 repentinum
1259 782 1339 806 non
1352 770 1478 807 solum

95 850 132 872 ιο
152 832 332 871 homines
357 834 426 871 sed
451 841 552 871 tecta
575 833 683 872 urbis
707 847 753 872 ac
779 835 925 883 templa
950 834 1138 883 lugerent,
1162 846 1280 871 nemo
1308 841 1477 871 vestrum

151 898 289 944 forum,
300 910 418 935 nemo
430 897 589 945 curiam,
604 912 723 936 nemo
736 900 864 937 lucem
878 897 1053 948 aspicere
1062 899 1194 936 vellet:
1217 897 1293 945 illo,
1305 897 1477 947 inquam,

150 962 236 1012 ipso
251 961 438 1000 die—die
451 962 567 1002 dico?
599 962 720 1001 immo
739 964 835 1001 hora
850 970 970 1013 atque
991 962 1109 1001 etiam
1127 970 1276 1012 puncto
1292 962 1479 1012 temporis

150 1028 291 1066 eodem
311 1027 405 1065 mihi
422 1027 554 1078 reique
575 1028 756 1078 publicae
777 1028 981 1078 pernicies,
1000 1027 1174 1067 Gabinio
1190 1036 1228 1066 et
1246 1027 1378 1066 Pisoni
1394 1042 1478 1078 pro-

149 1091 276 1130 vincia
291 1100 423 1143 rogata
436 1101 504 1131 est.
532 1096 610 1132 Pro
622 1093 661 1132 di
678 1093 928 1141 immortales,
940 1094 1126 1132 custodes
1140 1100 1177 1131 et
1189 1100 1480 1131 conservatores

95 1173 131 1205 15
151 1158 266 1196 huius
282 1158 388 1197 urbis
404 1166 523 1209 atque
539 1159 688 1209 imperi,
707 1172 904 1209 quaenam
921 1159 986 1197 illa
1002 1159 1040 1196 in
1058 1173 1097 1197 re
1118 1158 1276 1209 publica
1292 1166 1476 1204 monstra,

151 1237 252 1273 quae
269 1225 416 1262 scelera
436 1223 586 1262 vidistis
604 1227 611 1262 l
668 1223 776 1263 Civis
797 1232 877 1262 erat
899 1225 1082 1274 expulsus
1105 1223 1135 1261 is
1156 1223 1223 1273 qui
1244 1237 1324 1261 rem
1350 1223 1477 1272 publi-

151 1302 236 1327 cam
254 1302 301 1327 ex
317 1296 475 1326 senatus
490 1289 723 1327 auctoritate
739 1302 829 1326 cum
847 1288 1033 1326 omnibus
1050 1287 1167 1326 bonis
1184 1288 1424 1334 defenderat,
1441 1294 1479 1325 et

150 1355 333 1403 expulsus
358 1366 439 1392 non
466 1353 543 1392 alio
571 1353 715 1403 aliquo,
739 1354 809 1391 sed
837 1367 885 1391 eo
913 1352 997 1402 ipso
1025 1351 1213 1400 crimine;
1242 1359 1322 1390 erat
1349 1360 1479 1389 autem

152 1419 335 1468 expulsus
365 1418 449 1457 sine
479 1417 636 1464 iudicio,
665 1418 713 1465 vi,
740 1417 951 1467 lapidibus,
982 1419 1093 1464 ferro,
1122 1416 1278 1455 servitio
1307 1416 1479 1465 denique

94 1499 133 1521 20
152 1482 350 1521 concitato
368 1497 378 1530 3
406 1484 466 1521 lex
487 1490 566 1521 erat
587 1484 664 1521 lata
684 1490 835 1521 vastato
855 1496 901 1520 ac
922 1481 1057 1520 relicto
1078 1483 1163 1520 foro
1183 1488 1221 1520 et
1241 1481 1386 1519 sicariis
1407 1494 1479 1520 ser-

151 1549 287 1599 visque
312 1548 465 1594 tradito,
493 1555 530 1586 et
557 1560 602 1586 ea
627 1549 687 1586 lex
715 1561 816 1598 quae
841 1555 882 1586 ut
910 1560 959 1586 ne
985 1548 1147 1586 ferretur
1174 1555 1331 1585 senatus
1358 1547 1480 1585 fuerat

151 1622 257 1652 veste
278 1621 438 1651 mutata.
499 1614 589 1651 Hac
613 1620 720 1651 tanta
745 1612 1039 1663 perturbatione
1060 1611 1226 1650 civitatis
1247 1625 1297 1649 ne
1321 1619 1478 1649 noctem

152 1678 313 1728 quidem
344 1680 525 1716 consules
554 1678 652 1716 inter
682 1691 814 1716 meum
849 1679 1046 1715 interilum
1080 1685 1117 1715 et
1149 1690 1259 1714 suam
1294 1677 1478 1726 praedam

151 1743 337 1782 interesse
352 1743 454 1794 passi
470 1751 560 1782 sunt
578 1759 584 1781 :
611 1742 739 1781 statim
759 1756 821 1781 me
837 1744 1017 1793 perculso
1033 1743 1084 1780 ad
1101 1755 1233 1780 meum
1250 1740 1480 1790 sanguinem

93 1821 131 1854 ²5
152 1808 423 1855 hauriendum,
447 1815 485 1847 et
505 1807 676 1857 spirante
697 1808 814 1846 etiam
840 1821 880 1846 re
905 1807 1063 1857 publica
1087 1808 1137 1845 ad
1165 1806 1247 1844 eius
1272 1805 1396 1856 spolia
1416 1807 1480 1844 de-

151 1874 341 1911 trahenda
361 1874 655 1911 advolaverunt.
714 1872 868 1912 Omitto
887 1871 1177 1921 gratulationes,
1201 1872 1346 1921 epulas,
1369 1869 1481 1920 parti-

152 1939 300 1977 tionem
321 1938 453 1985 aerari,
479 1937 680 1985 beneficia,
704 1951 826 1987 spem,
849 1936 1049 1986 promissa,
1074 1937 1270 1986 praedam,
1294 1935 1478 1973 laetitiam

152 2016 366 2053 paucorum
388 2004 427 2040 in
448 2004 555 2040 luctu
577 2003 766 2041 omnium.
826 2002 1051 2040 Vexabatur
1067 2015 1162 2039 uxor
1183 2014 1281 2048 mea,
1300 2000 1409 2038 liberi
1430 2001 1479 2038 ad

153 2080 291 2106 necem
326 2067 625 2117 quaerebantur,
654 2079 785 2117 gener,
812 2074 849 2105 et
883 2066 974 2104 Piso
1003 2079 1132 2115 gener,
1156 2079 1178 2104 a
1204 2065 1358 2103 Pisonis
1390 2078 1480 2104 con-

93 2143 133 2174 30
152 2132 245 2171 sulis
266 2132 434 2183 pedibus
456 2133 620 2182 supplex
645 2131 888 2178 reiciebatur‚
912 2132 1017 2169 bona
1044 2131 1329 2180 diripiebantur
1354 2144 1479 2179 eaque

150 2199 201 2236 ad
228 2198 409 2236 consules
439 2196 727 2244 deferebantur,
750 2198 893 2235 domus
922 2196 1084 2234 ardebat
1115 2197 1153 2233 in
1186 2195 1360 2233 Palatio:
1391 2209 1480 2233 con-

196 2312 214 2339 4
239 2312 257 2332 e
275 2301 380 2342 suppl.
403 2300 449 2331 ed.
469 2300 603 2331 Ascens.
627 2310 704 2339 1531
728 2299 832 2339 [Verr.
853 2299 885 2336 ii,
907 2309 933 2335 1,
957 2298 1021 2338 §73
1118 2309 1152 2337 14
1180 2300 1231 2329 dei
1253 2299 1302 2329 P:
1328 2299 1370 2329 dii
1392 2299 1480 2329 sz

152 2355 194 2375 20
218 2349 349 2375 vastato
366 2344 410 2374 [³²
427 2344 490 2374 rvll.
507 2355 514 2374 ε
539 2350 634 2374 vasto
652 2344 694 2373 Ρ1
816 2354 856 2381 23
882 2343 1050 2373 interitum
1069 2342 1174 2383 suppl.
1197 2342 1302 2372 Lada«.
1324 2353 1352 2372 v.
1372 2342 1434 2372 Ian
1451 2347 1480 2372 ct

152 2388 200 2418 M.
217 2388 353 2430 Seyffert
370 2387 419 2426 (ἐξ
434 2399 485 2426 44,
501 2387 556 2425 50)
577 2399 582 2417 z
608 2387 786 2417 discrimen
801 2386 832 2415 [2²
846 2390 874 2416 ct
891 2396 982 2416 man.
997 2397 1052 2416 rec.
1069 2387 1103 2415 1'11
1122 2386 1172 2415 P:
1197 2396 1310 2415 casum
1330 2389 1366 2415 ut
1380 2384 1482 2416 Orelli

152 2432 197 2461 ita
216 2432 254 2461 bk
389 2441 429 2470 29
454 2436 487 2460 et
506 2431 584 2461 Piso
603 2441 709 2469 gener
727 2430 783 2460 dcl.
804 2429 847 2459 P²

1501 1625 1541 1656 54
