1774 2782
191 111 240 147 19
260 117 299 148 45
628 103 687 139 M.
717 102 885 138 TVLLI
918 100 1226 140 CICERONIS

258 222 339 248 rem
365 206 564 259 publicam
590 208 828 256 conservavi,
853 216 890 247 et
917 222 1086 258 quorum
1109 209 1341 247 auctoritate
1367 208 1474 247 illam
1499 221 1591 246 con-

258 276 504 313 iunctionem
525 274 704 313 Caesaris
726 273 870 323 defugi,
896 273 1016 312 Iulias
1041 275 1145 324 leges
1173 281 1210 312 et
1237 282 1385 311 ceteras
1410 273 1476 311 illo
1496 286 1590 311 con-

257 341 342 378 sule
370 346 522 388 rogatas
553 340 635 376 iure
664 340 761 376 latas
791 346 960 388 negant:
992 339 1096 376 idem
1129 339 1232 375 illam
1264 336 1589 388 proscriptionem

257 405 394 453 capitis
417 405 492 442 mei
515 411 652 442 contra
673 404 839 441 salutern
868 403 921 441 rei
950 403 1143 453 publicae,
1167 403 1237 441 sed
1263 403 1378 440 salvis
1404 402 1590 452 auspiciis

257 477 430 518 rogatam
447 482 531 507 6556
545 469 742 507 dicebant.
786 470 927 518 Itaque
942 470 996 506 vir
1011 482 1163 506 summa
1176 469 1418 515 auctoritate,
1437 481 1592 506 summa
1611 482 1628 513 5

258 533 495 583 eloquentia,
520 533 616 572 dixit
647 534 813 582 graviter
838 546 972 571 casum
1005 534 1113 570 illum
1139 545 1272 571 meum
1295 533 1411 570 funus
1432 545 1517 570 esse
1537 532 1592 571 rei

258 598 449 648 publicae,
475 600 543 637 sed
566 600 682 636 funus
709 598 853 635 iustum
880 606 917 637 et
942 597 1146 636 indictum.
1208 598 1309 634 Mihi
1333 597 1406 646 ipsi
1427 597 1591 636 omnino

257 663 590 712 perhonorificum
612 669 665 700 est
684 662 903 700 discessum
922 676 1054 701 meum
1076 664 1194 700 funus
1215 661 1291 700 dici
1314 663 1366 699 rei
1384 662 1590 712 publicae:

258 727 405 777 reliqua
428 741 509 765 non
534 728 738 777 reprendo,
764 728 832 765 sed
862 727 957 764 mihi
983 728 1034 765 ad
1063 728 1102 765 id
1130 728 1238 776 quod
1262 728 1389 764 sentio
1409 727 1588 766 adsumo.

258 795 361 831 Nam
388 793 418 831 si
448 794 541 831 illud
569 795 650 831 iure
681 801 857 842 rogatum
886 794 1017 831 dicere
1041 794 1122 830 ausi
1152 799 1242 830 sunt
1272 793 1381 841 quod
1403 793 1510 830 nullo
1531 806 1591 830 ex·
1615 803 1651 825 10

256 860 389 907 emplo
411 859 491 896 sieri
513 858 651 907 potuit,
675 859 780 895 nulla
808 859 892 906 lege
919 857 1037 904 licuit,
1062 857 1154 906 quia
1175 870 1293 895 nemo
1315 858 1364 894 de
1385 858 1495 895 caelo
1517 871 1590 895 ser-

257 932 372 970 varat,
397 924 561 961 oblitine
583 930 691 960 erant
716 930 798 960 tum
822 935 912 959 cum
936 923 999 960 ille
1024 922 1091 971 qui
1121 923 1159 960 id
1185 929 1312 971 egerat
1335 921 1512 970 plebeius
1533 929 1591 960 est

256 990 340 1037 lege
361 989 507 1025 curiata
528 989 652 1025 factus
674 986 751 1024 dici
775 988 824 1024 de
841 987 952 1024 caelo
973 999 1059 1024 esse
1080 987 1308 1024 servatum?
1365 986 1444 1034 Qui
1462 987 1491 1023 si
1510 988 1590 1035 ple-

256 1054 367 1091 beius
397 1054 562 1090 omnino
593 1065 678 1090 esse
711 1065 790 1089 non
822 1053 960 1101 potuit,
994 1052 1061 1100 qui
1094 1050 1273 1088 tribunus
1303 1051 1429 1099 plebis
1464 1051 1590 1100 potuit

255 1131 340 1156 esse
357 1120 372 1156 ?
393 1126 430 1156 et
444 1119 554 1155 cuius
570 1116 790 1154 tribunatus
807 1116 837 1154 si
852 1124 956 1153 ratus
971 1123 1040 1162 est,
1059 1114 1155 1152 nihil
1171 1123 1227 1153 est
1243 1115 1351 1164 quod
1367 1114 1523 1152 inritum
1543 1128 1590 1154 ex
1616 1131 1650 1162 ¹5

254 1183 350 1221 actis
365 1184 543 1222 Caesaris
559 1183 681 1231 possit
697 1195 792 1228 esse,
811 1181 893 1219 eius
910 1195 989 1219 non
1006 1182 1132 1219 solum
1149 1180 1369 1218 tribunatus
1391 1186 1500 1217 ratus
1521 1182 1590 1218 sed

255 1250 371 1288 etiam
393 1247 745 1299 perniciosissimae
767 1261 836 1293 res,
857 1248 1122 1296 auspiciorum
1146 1244 1333 1294 religione
1349 1253 1588 1292 conservata,

193 1321 233 1361 46
255 1315 335 1353 iure
367 1316 465 1352 latae
495 1314 762 1352 videbuntur?
822 1314 912 1360 Qua
943 1325 982 1350 re
1012 1320 1078 1349 aut
1108 1311 1219 1349 vobis
1249 1311 1502 1348 statuendum
1532 1317 1590 1348 est

254 1382 379 1429 legem
409 1380 560 1416 Aeliam
590 1391 759 1424 manere,
783 1379 908 1426 legem
938 1378 966 1414 F
972 1377 1089 1413 usiam
1122 1389 1203 1413 non
1233 1388 1318 1413 esse
1348 1374 1586 1424 abrogatam,

253 1459 333 1484 non
362 1444 546 1482 omnibus
578 1444 683 1480 fastis
714 1444 841 1491 legem
873 1441 959 1479 ferri
988 1441 1131 1487 licere,
1162 1454 1252 1478 cum
1278 1441 1338 1477 lex
1364 1441 1516 1485 feratur,
1540 1441 1589 1478 de
1613 1454 1652 1475 20

255 1512 364 1548 caelo
392 1510 543 1551 servari,
571 1508 807 1550 obnuntiari,
843 1507 1032 1544 intercedi
1066 1508 1206 1553 licere,
1241 1506 1462 1543 censorium
1495 1503 1590 1542 iudi-

254 1577 357 1613 cium
380 1588 424 1612 ac
447 1573 649 1611 notionem
668 1580 704 1610 et
728 1573 822 1609 illud
840 1585 994 1609 morum
1017 1572 1306 1609 severissimum
1324 1570 1588 1619 magisterium

253 1654 333 1679 non
358 1653 443 1677 csse
469 1638 622 1676 nefariis
652 1637 802 1687 legibus
827 1638 877 1675 de
908 1637 1064 1674 civitate
1093 1636 1317 1682 sublatum3
1347 1635 1377 1672 si
1406 1635 1588 1684 patricius

252 1706 431 1743 tribunus
453 1704 578 1753 plebis
601 1702 724 1749 fuerit,
750 1711 885 1739 contra
910 1704 1014 1752 leges
1037 1710 1215 1748 sacratas,
1240 1702 1269 1739 si
1294 1701 1483 1750 plebeius,
1497 1713 1588 1737 con-

252 1779 309 1808 tra
329 1768 503 1818 auspicia
524 1768 670 1814 fuisse3
699 1775 765 1804 aut
790 1769 883 1804 mihi
916 1769 1139 1806 concedant
1167 1768 1348 1805 homines
1374 1773 1527 1815 oportet
1549 1766 1587 1802 in
1612 1781 1648 1812 25

254 1835 369 1872 rebus
391 1835 505 1872 bonis
528 1846 607 1871 non
635 1834 836 1882 exquirere
864 1847 910 1871 ea
936 1834 1018 1872 iura
1044 1847 1145 1884 quae
1171 1833 1242 1882 ipsi
1265 1833 1304 1869 in
1325 1830 1485 1880 perditis
1507 1843 1587 1868 non

252 1901 471 1949 exquirant,
501 1898 725 1948 praesertim
763 1913 852 1937 cum
880 1900 931 1937 ab
964 1901 1036 1937 illis
1067 1897 1303 1948 aliquotiens
1331 1894 1514 1933 condicio
1542 1896 1587 1933 C.

253 1965 409 2004 Caesari
441 1965 518 2001 lata
546 1965 594 2002 sit
624 1972 664 2001 ut
697 1965 856 2002 easdem
888 1977 947 2002 res
975 1964 1052 2002 alio
1081 1964 1202 2001 modo
1238 1963 1361 2004 ferret,
1391 1973 1468 2009 qua
1498 1973 1586 1997 con-

251 2031 410 2069 dicione
430 2030 603 2079 auspicia
626 2030 888 2079 requirebant,
908 2030 1012 2078 leges
1037 2027 1361 2077 comprobabant,
1385 2026 1424 2061 in
1442 2024 1586 2063 Clodio

252 2095 515 2144 auspiciorum
549 2096 645 2132 ratio
678 2094 724 2132 sit
761 2095 912 2140 eadem,
948 2095 1050 2143 leges
1081 2106 1220 2131 omnes
1250 2092 1325 2128 sint
1357 2102 1511 2128 eversae
1541 2102 1586 2126 ac
1607 2102 1648 2133 30

252 2160 426 2211 perditae
448 2160 624 2198 civitatis.

297 2277 313 2305 7
329 2266 466 2295 omnino
481 2267 500 2296 k
514 2265 568 2295 all.
586 2277 592 2295 :
619 2264 745 2294 homini
760 2262 868 2293 PBE:
889 2273 955 2293 om.
971 2273 986 2291 c
1082 2262 1101 2290 8
1126 2265 1177 2290 est
1190 2270 1253 2289 om.
1268 2257 1356 2289 codd.
1460 2268 1496 2295 14
1517 2267 1584 2287 om-

252 2312 333 2340 nino
352 2310 474 2340 Hbcst:
501 2309 650 2339 omniurn
670 2307 733 2337 rell.
881 2308 918 2336 16
944 2310 1037 2335 ratus
1054 2304 1161 2344 suppl.
1177 2302 1311 2333 Ernesti
1450 2311 1486 2339 17
1513 2300 1584 2341 res]

249 2352 346 2393 leges
366 2353 485 2383 Lamb.
581 2355 802 2382 conservatae
818 2349 877 2380 Hk
