1774 2782
207 151 251 187 14
271 154 309 185 34
644 139 699 175 M.
731 137 899 174 TVLLI
932 135 1237 175 CICERONIS

269 250 342 288 bus
364 261 448 287 esse
469 249 667 298 depulsos,
684 247 723 285 in
745 249 839 294 foro,
859 248 956 293 luce,
976 246 1220 296 inspectante
1241 246 1388 295 populo
1411 246 1596 283 Romano

269 315 554 365 quaestionem,
583 313 840 362 magistratus,
869 325 1018 349 morem
1050 311 1252 358 maiorum,
1285 311 1400 360 leges,
1434 309 1593 356 iudices,
1627 357 1638 361 „

270 393 390 427 reum,
409 392 577 429 poenam
599 391 684 416 esse
702 378 895 415 sublatam
911 378 926 415 ?
956 378 1053 415 haec
1070 376 1203 415 omnia
1224 375 1373 414 sciasne
1394 373 1596 424 diligentia

271 445 314 483 C.
336 443 501 482 Memmi
525 442 692 493 publicis
709 442 850 480 tabulis
868 455 953 480 esse
974 449 1107 480 notata
1123 448 1241 491 atque
1258 442 1425 479 testata?
1464 442 1595 489 Atque

271 510 366 548 illud
389 509 505 548 etiam
527 521 685 559 quaero,
703 522 804 555 cum,
824 515 957 558 postea
982 521 1099 557 quam
1122 520 1163 546 es
1184 508 1412 557 postulatus,
1432 519 1478 544 ex
1498 507 1596 556 lega·
1615 517 1632 549 5

271 575 377 614 tione
412 574 691 621 redieris‚——ne
725 573 812 623 quis
852 580 889 611 te
924 572 1068 611 iudicia
1102 573 1285 621 defugere
1323 571 1597 619 arbitretur,—

270 649 397 690 teque,
421 653 510 677 cum
534 639 602 677 tibi
624 646 753 676 utrum
775 639 893 676 velles
915 638 1058 683 liceret,
1081 636 1267 675 dictitaris
1288 650 1445 674 causam
1467 636 1596 675 dicere

270 705 462 751 maluisse,
487 704 553 754 qui
583 711 892 742 consentaneum
920 702 1044 749 fuerit,
1068 716 1157 740 cum
1186 701 1390 752 legationis
1420 701 1595 751 perfugio

270 770 322 808 uti
363 769 566 815 noluisses,
607 768 872 818 appellatione
911 766 1200 818 improbissima
1243 774 1279 805 te
1317 767 1367 805 ad
1410 766 1594 804 auxilium

270 834 460 873 nefarium
491 833 743 882 confugisse?
1618 841 1655 863 ιο

325 902 373 938 Et
396 899 582 949 quoniam
612 898 815 948 legationis
844 906 934 937 tuae
961 900 1062 936 sacta
1090 897 1238 936 mentio
1259 904 1328 943 est,
1350 898 1440 936 volo
1461 898 1595 936 audire

270 966 319 1002 de
345 971 382 1002 te
408 978 488 1013 quo
516 964 675 1001 tandem
706 971 863 1001 senatus
889 965 1070 1001 consulto
1096 965 1244 1013 legatus
1273 962 1333 1001 sis.
1396 964 1456 1001 De
1485 971 1595 1012 gestu

270 1029 454 1078 intellego
493 1028 588 1078 quid
628 1030 889 1078 respondeas:
933 1036 998 1066 tua
1037 1030 1132 1078 lege,
1169 1027 1276 1066 dicis.
1337 1028 1443 1066 Esne
1483 1027 1597 1076 igitur

270 1094 416 1144 patriae
438 1093 674 1132 certissimus
696 1093 917 1143 parricida?
947 1101 1196 1143 spectarasne
1218 1093 1268 1140 id,
1291 1099 1333 1130 ut
1358 1100 1485 1142 patres
1506 1105 1596 1130 con-

269 1159 398 1209 scripti
431 1173 476 1197 ex
507 1172 545 1197 re
576 1159 733 1208 publica
764 1159 939 1197 funditus
971 1160 1226 1197 tollerentur?
1255 1171 1304 1196 ne
1332 1158 1407 1195 hoc
1434 1158 1595 1207 quidem
1619 1169 1651 1202 15

269 1224 418 1263 senatui
450 1223 709 1274 relinquebas,
733 1225 840 1274 quod
871 1237 988 1262 nemo
1016 1237 1203 1273 umquam
1231 1222 1390 1269 ademit,
1414 1230 1455 1260 ut
1480 1221 1595 1272 legati

268 1303 313 1328 ex
327 1289 410 1328 eius
427 1289 574 1328 ordinis
590 1289 819 1328 auctoritate
836 1291 1084 1339 legarentur?
1124 1290 1290 1327 Adeone
1305 1287 1374 1326 tibi
1392 1287 1594 1326 sordidum

268 1354 474 1393 consilium
498 1355 699 1403 publicum
730 1354 853 1392 visum
883 1362 951 1400 est,
973 1355 1074 1392 adeo
1101 1353 1282 1392 adflictus
1304 1361 1471 1399 senatus,
1493 1354 1595 1392 adeo

269 1419 409 1458 misera
429 1426 467 1457 et
489 1427 679 1469 prostrata
701 1432 759 1457 res
776 1419 935 1469 publica
956 1427 997 1457 ut
1019 1432 1097 1457 non
1121 1418 1279 1458 nuntios
1301 1418 1406 1468 pacis
1422 1431 1467 1456 ac
1490 1418 1591 1465 belli,

269 1498 347 1523 non
379 1491 562 1529 oratores,
591 1498 668 1522 non
702 1484 941 1534 interpretes,
965 1498 1044 1523 non
1075 1484 1204 1523 bellici
1237 1483 1374 1522 consili
1404 1491 1593 1531 auctores,
1615 1495 1655 1517 20

269 1563 347 1588 non
377 1549 574 1588 ministros
603 1550 774 1588 muneris
806 1549 1052 1600 provincialis
1080 1556 1237 1588 senatus
1267 1562 1373 1587 more
1404 1550 1594 1588 maiorum

208 1624 247 1664 36
268 1615 437 1665 deligere
459 1617 620 1665 posset?
679 1615 885 1666 Eripueras
908 1615 1057 1654 senatui
1080 1615 1301 1665 provinciae
1323 1616 1596 1654 decernendae

268 1688 516 1731 potestatem,
540 1681 783 1731 imperatoris
805 1681 1003 1731 deligendi
1031 1681 1231 1728 iudicium,
1255 1680 1375 1719 aerari
1397 1680 1596 1731 dispensa-

268 1746 439 1785 tionem:
476 1760 576 1797 quae
607 1760 823 1796 numquam
855 1747 928 1785 sibi
958 1748 1127 1797 populus
1159 1749 1364 1785 Romanus
1394 1745 1593 1796 appetivit,

268 1812 334 1862 qui
375 1825 591 1862 numquam
628 1812 780 1850 senatui
818 1812 960 1850 summi
996 1812 1132 1851 consili
1170 1811 1495 1862 gubernationem
1531 1825 1594 1849 au·
1616 1821 1652 1853 ²5

268 1878 365 1915 serre
385 1884 549 1915 conatus
577 1884 646 1914 est.
706 1878 801 1927 Age,
826 1878 969 1915 factum
1000 1884 1057 1915 est
1085 1879 1224 1916 horum
1253 1877 1401 1927 aliquid
1426 1877 1464 1914 in
1486 1875 1593 1914 aliis:

267 1955 361 1988 raro,
394 1943 462 1980 sed
494 1949 625 1980 tamen
658 1943 803 1980 facturn
844 1950 901 1982 est
941 1950 982 1981 ut
1013 1944 1181 1993 populus
1217 1942 1402 1992 deligeret
1433 1943 1594 1992 impera-

267 2015 388 2045 torem
407 2023 413 2046 :
445 2007 531 2057 quis
553 2009 701 2058 legatos
723 2022 913 2058 umquam
935 2009 1083 2048 audivit
1105 2009 1188 2047 sine
1205 2016 1363 2047 senatus
1384 2009 1593 2047 consulto?

268 2075 370 2111 Ante
392 2081 429 2111 te
450 2087 579 2118 nemo,
604 2081 692 2124 post
714 2075 904 2113 continuo
925 2075 1015 2113 fecit
1036 2074 1140 2113 idem
1163 2074 1201 2112 in
1230 2075 1385 2113 duobus
1407 2073 1592 2123 prodigiis

208 867 249 905 Ῑ5

211 927 247 958 35

309 2187 327 2216 5
360 2187 432 2208 cum
459 2177 537 2208 Ald.
553 2190 558 2207 z
596 2179 685 2217 quod
710 2178 797 2209 codd.
977 2180 997 2208 6
1029 2179 1208 2208 arbitretur
1232 2177 1318 2209 codd.
1336 2189 1342 2208 ε
1374 2178 1592 2208 arbitraretur

264 2221 333 2252 cdd.
452 2231 485 2251 11
514 2222 588 2252 volo
615 2223 714 2252 etiam
742 2223 818 2252 Hks
945 2232 980 2261 14
1007 2227 1224 2261 spectarasne
1241 2222 1278 2251 ks
1293 2233 1300 2252 2
1335 2222 1544 2261 spectarisne
1562 2220 1596 2250 P

266 2265 330 2296 rcll.
470 2276 512 2295 20
537 2270 691 2296 oratores
708 2265 813 2296 Sclzol.
828 2277 834 2297 ε
863 2271 1035 2296 curatores
1052 2265 1085 2295 P
1099 2265 1162 2295 rell.
1300 2275 1341 2294 22
1367 2269 1482 2304 posset
1498 2263 1567 2295 edd.
1584 2275 1591 2294 :

265 2309 370 2347 possit
387 2308 475 2340 codd.
568 2320 606 2347 24
633 2309 693 2339 sibi
712 2320 743 2349 p.
759 2320 784 2340 r.
804 2332 831 2340 ..
850 2319 1045 2349 .nurnquam
1064 2308 1168 2348 suppl.
1189 2319 1213 2338 s.
1229 2307 1248 2339 l.
1265 2307 1309 2337 1³²
1397 2317 1437 2347 25
1461 2307 1590 2338 senatui

263 2353 393 2392 scripsi:
412 2363 430 2383 a
443 2357 562 2383 senatu
576 2352 688 2384 Madv.
703 2364 709 2383 :
726 2358 782 2383 aut
796 2352 882 2384 codd.
900 2366 905 2384 :
920 2358 953 2383 ut
969 2358 1002 2383 tu
1019 2352 1116 2384 Orell.
1130 2354 1212 2382 auct.
1229 2351 1330 2390 Kays.
1349 2364 1354 2382 :
1370 2352 1411 2382 ad
1426 2362 1461 2381 se
1479 2350 1585 2382 Muell.

264 2396 396 2426 auferre
414 2395 520 2427 codd:
550 2397 734 2427 transferre
759 2395 900 2426 Mueller
915 2398 1110 2436 (numquam
1133 2396 1215 2425 haec
1231 2405 1250 2425 a
1271 2395 1392 2425 summi
1416 2405 1490 2426 con.
1512 2394 1587 2432 gub.

265 2439 396 2470 auferre
414 2440 594 2479 Angelius)
730 2450 770 2480 29
791 2441 877 2470 idem
897 2440 973 2470 fecit
991 2439 1095 2470 Sclzol.
