1774 2782
192 162 410 201 ORATIO
434 162 571 200 POST
593 163 857 199 REDITVM
882 163 942 200 IN
966 163 1185 200 SENATV
1209 163 1426 199 HABITA
1476 173 1518 209 14
1541 177 1582 208 34

191 284 321 322 neque
341 285 414 321 ego
435 271 499 309 illa
520 273 776 310 exterminata
797 272 892 310 mihi
914 273 1198 310 remanendum
1221 271 1365 321 putavi,
1384 279 1421 310 et
1443 272 1518 319 illa,

191 335 305 375 simul
326 344 445 386 atque
465 345 645 375 revocata
666 345 734 383 est,
759 350 822 375 me
851 350 984 375 secum
1006 336 1147 386 pariter
1174 339 1396 386 reportavit.
1438 339 1520 376 Me-

189 414 279 439 cum
302 402 417 451 leges,
441 414 597 440 mecum
627 401 889 451 quaestiones,
914 415 1069 440 mecum
1099 401 1182 439 iura
1209 403 1516 452 magistratuum,

189 479 345 504 mecum
376 474 534 505 senatus
564 466 786 514 auctoritas,
819 480 975 505 mecum
1007 467 1175 513 libertas,
1209 481 1364 505 mecum
1401 468 1518 506 etiam

147 548 167 579 5
189 533 340 581 frugum
375 531 543 577 ubertas,
582 545 737 570 mecum
776 533 941 569 deorum
977 540 1014 570 et
1050 532 1257 570 hominum
1294 533 1517 572 sanctitates

187 608 324 634 omnes
360 603 397 633 et
428 595 636 645 religiones
671 597 862 634 afuerunt.
925 597 1038 644 Quae
1068 597 1099 634 si
1133 610 1286 646 semper
1320 597 1514 645 abessent,

186 659 307 709 magis
324 668 468 698 vestras
490 662 665 699 fortunas
682 662 853 710 lugerem
877 674 995 710 quam
1013 662 1275 700 desiderarem
1295 676 1427 709 meas,
1456 663 1515 700 sin

183 725 398 774 aliquando
419 734 703 772 revocarentur,
723 725 998 775 intellegebam
1017 726 1112 763 mihi
1133 740 1223 764 cum
1245 727 1319 764 illis
1336 741 1414 765 una
1430 742 1515 766 esse

184 791 440 828 redeundum.
502 789 625 828 Cuius
661 791 736 828 mei
773 804 910 828 sensus
943 791 1181 829 certissimus
1216 792 1324 830 testis
1358 801 1416 831 est
1451 792 1513 830 hic
1536 809 1574 840 35

123 870 164 893 10
184 853 289 892 idem
310 854 376 903 qui
399 862 531 892 custos
552 854 689 904 capitis
712 855 793 902 fuit,
819 856 890 894 Cn.
916 855 1109 902 Plancius,
1137 856 1203 905 qui
1225 857 1410 895 omnibus
1431 870 1515 907 pro-

182 919 414 957 vincialibus
442 920 684 958 ornamentis
709 922 1012 970 commodisque
1038 921 1227 971 depositis
1252 928 1374 960 totam
1403 936 1514 960 suam

182 992 432 1033 quaesturam
462 984 501 1022 in
530 999 593 1023 me
621 986 881 1023 sustentando
911 992 949 1023 et
980 987 1253 1024 conservando
1281 987 1512 1025 conlocavit.

182 1050 262 1097 Qui
283 1049 314 1087 si
336 1050 431 1087 mihi
459 1058 643 1099 quaestor
668 1051 890 1100 imperatori
917 1050 1063 1097 fuisset,
1088 1050 1127 1088 in
1157 1052 1209 1088 fili
1238 1053 1326 1090 loco
1355 1052 1515 1100 fuisset,

180 1128 286 1153 nunc
316 1124 421 1153 certe
451 1116 522 1153 erit
557 1115 596 1153 in
629 1117 811 1166 parentis,
839 1129 929 1153 cum
951 1116 1064 1154 suerit
1090 1130 1239 1154 consors
1267 1130 1348 1155 non
1374 1117 1511 1167 imperi

116 1193 158 1225 15
180 1182 249 1219 sed
270 1181 415 1219 doloris
443 1182 533 1220 mei.

233 1247 493 1296 Quapropter,
517 1255 645 1297 patres
672 1247 894 1296 conscripti,
922 1247 1109 1298 quoniam
1136 1247 1173 1285 in
1203 1261 1283 1286 rem
1310 1247 1507 1298 publicam
1531 1252 1573 1293 36

178 1324 263 1349 sum
293 1311 434 1361 pariter
461 1326 551 1349 cum
574 1326 613 1350 re
634 1312 792 1362 publica
820 1312 1031 1360 restitutus,
1053 1328 1134 1351 non
1162 1315 1284 1352 modo
1309 1314 1347 1351 in
1374 1328 1419 1352 ea
1446 1316 1510 1353 de-

177 1377 377 1414 fendenda
398 1376 494 1414 nihil
519 1376 695 1415 minuam
718 1378 767 1415 de
789 1377 967 1416 libertate
995 1392 1082 1416 mea
1103 1378 1273 1427 pristina,
1297 1380 1366 1417 sed
1391 1379 1508 1417 etiam

176 1442 394 1491 adaugebo.
439 1442 597 1479 Etenim
613 1442 643 1480 si
661 1456 746 1480 eam
763 1450 845 1480 tum
864 1442 1130 1481 defendebam
1144 1456 1234 1481 cum
1250 1443 1345 1481 mihi
1359 1444 1508 1494 aliquid
1529 1455 1571 1492 15

118 1520 157 1541 20
177 1506 240 1544 illa
261 1507 442 1554 debebat,
467 1507 563 1557 quid
589 1521 695 1545 nunc
716 1521 780 1545 me
800 1509 926 1546 facere
949 1516 1103 1558 oportet
1119 1521 1210 1545 cum
1231 1522 1304 1558 ego
1325 1508 1377 1546 illi
1396 1510 1509 1559 pluri-

177 1585 284 1609 mum
301 1573 460 1611 debeo?
491 1574 595 1611 Nam
611 1572 706 1622 quid
721 1581 779 1611 est
794 1574 902 1622 quod
916 1573 1092 1610 animum
1108 1587 1240 1611 meum
1256 1576 1429 1624 frangere
1443 1584 1510 1613 aut

175 1637 378 1675 debilitare
399 1638 531 1687 possit,
556 1638 667 1675 cuius
688 1638 812 1688 ipsam
835 1638 1096 1677 calamitatem
1121 1652 1201 1677 non
1224 1641 1343 1678 modo
1365 1641 1508 1679 nullius

175 1701 318 1748 delicti,
342 1704 411 1740 sed
432 1703 550 1741 etiam
579 1703 801 1741 divinorum
828 1703 866 1741 in
888 1718 968 1742 rem
997 1703 1196 1753 publicam
1225 1705 1506 1743 beneficiorum

175 1774 313 1805 testem
339 1781 423 1805 esse
444 1768 638 1806 videatis?
695 1770 799 1806 Nam
826 1769 1033 1818 importata
1054 1777 1111 1806 est
1136 1770 1228 1818 quia
1252 1771 1506 1808 defenderam

116 1847 154 1878 ²5
175 1832 383 1880 civitatem,
413 1842 450 1872 et
481 1848 568 1872 mea
596 1836 798 1873 voluntate
831 1842 1012 1884 suscepta
1039 1842 1108 1879 est,
1136 1848 1185 1872 ne
1214 1848 1237 1872 a
1258 1848 1320 1873 me
1344 1837 1507 1874 defensa

175 1911 233 1935 res
255 1898 413 1947 publica
439 1912 507 1948 per
528 1901 699 1937 eundem
728 1914 790 1938 me
813 1907 1028 1937 extremum
1054 1898 1093 1935 in
1122 1898 1332 1936 discrimen
1354 1913 1506 1938 vocare-

174 1971 244 2000 tur.
306 1966 380 2001 Pro
410 1978 473 2002 me
501 1978 581 2002 non
612 1973 653 2003 ut
684 1979 753 2015 pro
785 1968 825 2003 P.
860 1965 1023 2014 Popilio,
1054 1963 1300 2001 nobilissimo
1331 1964 1500 2011 homine,
1527 1977 1562 2005 37

174 2029 446 2067 adulescentes
486 2029 564 2076 filii,
599 2043 680 2068 non
715 2031 1025 2080 propinquorum
1067 2028 1278 2066 multitudo
1313 2032 1503 2079 populum

176 2095 402 2131 Romanum
425 2102 482 2132 est
507 2096 725 2144 deprecata,
749 2109 829 2133 non
857 2104 898 2133 ut
921 2110 990 2146 pro
1014 2097 1060 2143 Q.
1088 2096 1262 2140 Metello,
1287 2108 1442 2133 summo
1466 2104 1503 2133 et

114 2169 154 2198 30
174 2159 388 2197 clarissimo
418 2161 509 2206 viro,
538 2168 711 2209 spectata
742 2162 817 2198 iam
848 2161 1115 2199 adulescentia
1146 2160 1256 2206 filius,
1287 2174 1366 2197 non
1395 2162 1438 2198 L.
1466 2169 1503 2198 et

1292 2236 1307 2244 e

220 2275 231 2294 ι
262 2265 503 2294 remanendum
522 2264 665 2304 amplius
685 2276 716 2293 ες
830 2275 848 2294 2
872 2270 923 2295 est
942 2276 1006 2296 om.
1028 2265 1090 2294 ΡΒ
1206 2276 1243 2302 13
1268 2265 1459 2303 imperatori
1477 2268 1505 2293 (Ἰ

177 2318 224 2345 14.
248 2317 284 2345 15
301 2317 374 2337 cum
394 2308 511 2338 fuerit.
530 2332 536 2339 .
554 2333 561 2339 .
581 2309 643 2337 mei
662 2307 724 2339 dcl.
748 2307 860 2338 Garat.
965 2319 1000 2343 14
1027 2318 1167 2338 consors
1186 2310 1317 2348 scripsi:
1344 2314 1503 2346 quaestor

173 2351 260 2381 codd.
281 2356 329 2388 (ex
354 2361 440 2389 quae
462 2362 487 2382 s.
509 2362 572 2390 que
595 2368 617 2377 ε
641 2362 765 2389 quaere
794 2355 903 2380 ortum
928 2363 995 2381 esse
1015 2355 1113 2391 putul
1136 2351 1180 2382 A.
1206 2352 1239 2382 C.
1262 2352 1367 2387 Clade,
1396 2353 1432 2390 cf
1460 2351 1506 2379 ml

173 2394 263 2424 Mur.
294 2399 306 2425 ε
327 2404 386 2432 51:
411 2395 545 2424 verbmn
567 2396 731 2425 amissum
755 2398 856 2431 polest
876 2405 942 2424 esse
962 2405 1115 2433 consors,
1141 2395 1321 2433 particeps,
1348 2396 1461 2425 socius
1495 2405 1501 2423 z

173 2443 331 2476 quaestor
354 2436 487 2479 (anno)
513 2449 578 2467 non
599 2437 715 2476 imperi
733 2437 776 2468 K.
796 2437 924 2468 Busche
1054 2440 1091 2467 18
1117 2438 1309 2467 imminuam
1329 2450 1342 2467 ε
1461 2449 1501 2475 23

174 2482 360 2511 divinorum
379 2481 464 2511 PB:
489 2482 628 2512 duorum
648 2492 683 2511 e:
710 2482 861 2512 binorum
883 2481 998 2512 Alaclv.
1134 2492 1173 2519 24
1194 2482 1279 2511 Nam
1298 2487 1330 2511 et
1352 2493 1365 2510 ε
