1774 2782
227 132 280 177 38
301 138 341 176 ⁸3
664 131 719 166 M.
753 129 920 165 TVLLI
953 126 1260 165 cICERole

299 242 441 277 nostris
463 246 588 276 morte
609 238 716 275 obita
739 237 886 287 positos
915 236 953 273 in
982 236 1048 274 illo
1075 237 1164 274 loco
1184 243 1303 286 atque
1324 235 1361 273 in
1385 235 1515 274 rostris
1537 249 1626 273 con-

299 305 449 342 locatos
483 302 622 341 videtis
656 310 758 340 esset
794 304 834 339 P.
870 301 996 339 Sestio
1034 309 1102 339 aut
1140 301 1354 339 acerbitate
1393 302 1526 339 mortis
1561 308 1627 338 aut

299 369 433 406 animo
465 368 503 405 in
539 381 619 406 rem
650 366 848 417 publicam
879 367 1208 416 praeponendus3
1251 365 1318 416 qui
1348 379 1439 403 curn
1469 378 1627 403 causam

300 434 393 471 civis
419 433 647 479 calamitosi,
671 446 830 470 causam
858 431 985 478 amici,
1009 445 1169 469 causam
1197 432 1299 469 bene
1327 432 1377 470 de
1402 444 1441 469 re
1470 430 1628 480 publica

301 498 437 545 meriti,
462 512 619 536 causam
642 506 811 543 senatus,
835 511 993 535 causam
1017 497 1164 543 Italiae,
1188 510 1347 534 causam
1373 497 1425 535 rei
1447 495 1628 546 publicae

301 565 546 614 suscepisset,
563 577 733 613 cumque
749 562 933 612 auspiciis
948 561 1206 611 religionique
1222 575 1362 611 parens
1379 560 1629 600 obnuntiaret

301 631 409 679 quod
445 636 628 675 senserat,
663 630 750 666 luce
782 629 910 678 palam
943 641 965 665 a
998 626 1152 665 nefariis
1188 627 1365 677 pestibus
1396 626 1434 664 in
1465 628 1629 665 deorum

302 696 588 743 hominumque
610 701 824 742 conspectu
847 700 948 730 esset
965 691 1118 730 occisus
1140 691 1386 730 sanctissimo
1408 691 1446 729 in
1468 692 1627 742 templo,

302 759 547 797 sanctissima
569 758 607 795 in
630 772 757 804 causa,
781 757 1029 795 sanctissimo
1051 757 1089 795 in
1112 758 1347 807 magistratu.
1400 756 1495 795 Eius
1517 756 1631 807 igitur

302 824 421 862 vitam
453 825 662 873 quisquam
699 823 946 872 spoliandam
983 822 1224 860 ornamentis
1257 836 1342 861 esse
1372 821 1487 869 dicet,
1519 821 1630 860 cuius

304 898 470 928 mortem
492 890 710 927 ornandam
734 895 996 925 monumento
1017 888 1257 937 sempiterno
1278 887 1497 937 putaretis?

231 956 284 991 39
361 955 607 999 ‘Homines,'
638 953 776 1003 inquit,
811 952 973 999 ‘emisti‚
1005 952 1177 1002 coegisti,
1210 954 1376 1002 parasti.'
1434 953 1542 1002 Quid
1577 953 1632 990 uti

243 1007 280 1046 8⁴
305 1021 477 1058 faceret?
513 1026 691 1057 senatum
722 1018 950 1056 obsideret?
989 1017 1084 1055 civis
1114 1017 1364 1056 indemnatos
1395 1019 1633 1067 expelleret?

304 1086 409 1123 bona
426 1085 638 1134 diriperet?
667 1083 775 1122 aedis
794 1083 1049 1121 incenderet?
1078 1091 1180 1121 tecta
1196 1082 1460 1122 disturbaret?
1487 1084 1633 1133 templa

304 1152 469 1189 deorum
506 1150 784 1186 immortalium
819 1148 1110 1186 inflammaret?
1152 1147 1330 1186 tribunos
1369 1149 1494 1198 plebis
1533 1150 1632 1187 ferro

305 1230 326 1254 e
361 1215 492 1254 rostris
525 1216 764 1264 expelleret?
805 1213 1025 1263 provincias
1060 1227 1158 1263 quas
1192 1215 1307 1252 vellet
1342 1214 1485 1264 quibus
1517 1215 1633 1252 vellet

304 1282 520 1319 venderet?
549 1293 657 1329 reges
678 1281 921 1329 appellaret?
950 1292 1077 1317 rerum
1100 1280 1326 1329 capitalium
1348 1279 1633 1317 condemnatos

305 1348 343 1384 in
366 1347 505 1384 liberas
527 1346 702 1382 civitates
723 1358 791 1394 per
811 1345 958 1393 legatos
981 1352 1134 1382 nostros
1156 1345 1388 1382 reduceret?
1416 1344 1632 1394 principem

305 1412 470 1449 civitatis
498 1412 598 1448 ferro
626 1410 830 1447 obsessum
859 1411 1038 1447 teneret?
1097 1410 1211 1447 Haec
1239 1416 1279 1446 ut
1307 1409 1459 1447 efficere
1486 1416 1629 1458 posset,

306 1490 406 1526 quae
423 1476 502 1514 fieri
523 1475 595 1513 nisi
612 1475 728 1513 armis
745 1488 931 1524 oppressa
947 1489 986 1513 re
1004 1474 1162 1524 publica
1180 1476 1288 1512 nullo
1304 1475 1424 1512 modo
1441 1482 1630 1525 poterant,

307 1543 463 1588 idcirco,
487 1542 616 1588 credo,
640 1554 799 1578 manum
823 1540 896 1578 sibi
919 1542 959 1578 P.
985 1539 1133 1577 Sestius
1161 1547 1199 1578 et
1226 1540 1358 1589 copias
1380 1539 1629 1589 comparavit.

309 1610 383 1645 ‘At
405 1608 583 1645 nondum
606 1614 685 1644 erat
708 1613 929 1653 maturum3
958 1606 1137 1643 nondum
1160 1618 1219 1643 res
1246 1604 1330 1655 ipsa
1351 1605 1401 1643 ad
1422 1604 1504 1643 eius
1527 1606 1634 1643 modi

307 1672 499 1722 praesidia
521 1672 621 1708 viros
644 1671 771 1709 bonos
799 1670 1088 1719 compellebat!
1146 1671 1252 1707 Pulsi
1275 1683 1346 1707 nos
1368 1682 1532 1716 eramus,
1556 1683 1634 1708 non

308 1739 472 1776 omnino
493 1737 566 1774 ista
587 1750 704 1774 manu
727 1737 820 1783 sola,
844 1737 913 1774 sed
941 1744 1072 1773 tamen
1098 1749 1178 1774 non
1206 1737 1290 1774 sine
1310 1735 1406 1774 ista:
1436 1749 1504 1774 vos
1528 1737 1634 1774 taciti

273 1820 288 1851 5
310 1803 552 1841 maerebatis.
626 1801 797 1851 Captum
843 1809 924 1839 erat
968 1802 1093 1839 sorum
1138 1815 1243 1839 anno
1286 1802 1495 1852 superiore,
1536 1802 1634 1840 aede

309 1869 482 1907 Castoris
499 1876 700 1916 tamquam
717 1881 804 1905 arce
820 1868 951 1916 aliqua
967 1882 990 1904 a
1007 1866 1175 1917 fugitivis
1192 1875 1384 1917 occupata
1401 1883 1407 1905 :
1438 1867 1633 1906 silebatur.

309 1932 455 1972 Omnia
493 1931 698 1970 hominum
739 1945 828 1969 curn
865 1940 1035 1982 egestate
1069 1940 1152 1970 turn
1191 1933 1356 1971 audacia
1395 1934 1634 1982 perditorum

309 1999 490 2043 clamore,
506 2010 710 2043 concursu,
728 1997 774 2043 vi,
792 2012 911 2035 manu
927 1998 1163 2048 gerebantur
1181 2014 1186 2036 :
1213 1998 1474 2048 perferebatis.
1514 1996 1637 2047 Magi-

309 2069 449 2101 stratus
477 2063 631 2112 templis
662 2063 917 2112 pellebantur,
939 2063 1003 2102 alii
1034 2064 1197 2102 omnino
1227 2064 1336 2102 aditu
1366 2078 1412 2102 ac
1439 2065 1523 2102 foro
1553 2076 1637 2112 pro-

1654 840 1694 862 10

1656 1167 1691 1198 I5

1655 1495 1696 1518 20

1657 1817 1695 1848 25

310 2127 570 2165 hibebantur:
619 2140 738 2165 nemo
781 2129 997 2167 resistebat.
1068 2130 1315 2168 Gladiatores
1359 2143 1405 2166 ex
1448 2128 1636 2178 praetoris
1657 2142 1697 2171 30

358 2241 371 2260 1
399 2236 505 2262 morte
523 2231 613 2262 obita
631 2231 689 2262 del.
710 2232 801 2262 Paul
943 2244 960 2271 4
987 2243 1120 2264 causam
1142 2233 1237 2274 (post
1251 2233 1362 2272 amici)
1382 2232 1450 2264 secl.
1469 2232 1642 2263 Eberhard

312 2286 328 2313 7
354 2286 372 2304 a
389 2274 480 2306 Hks:
507 2286 573 2305 om.
593 2274 626 2304 P
640 2275 706 2307 rell.
724 2276 838 2315 (etiam
855 2276 873 2306 l.
893 2278 949 2315 26)
1058 2286 1099 2316 25
1124 2277 1281 2307 maereba
1296 2276 1328 2306 Ρ
1344 2277 1472 2317 (influe
1488 2279 1613 2313 versus)
1630 2287 1637 2306 t

312 2319 548 2349 maerebamini
566 2319 624 2349 ΒΣ
713 2330 801 2350 anno
818 2330 892 2359 sup.
910 2320 980 2352 secl.
1001 2321 1092 2351 Koch
1205 2322 1247 2351 26
1270 2320 1448 2359 aliquando
1466 2320 1641 2360 Schlenger

313 2361 400 2401 (Liv.
421 2362 464 2392 iii.
486 2372 533 2401 15.
554 2364 589 2401 5)
722 2372 764 2402 29
788 2364 940 2405 templis]
959 2365 1085 2404 templo
1102 2364 1263 2404 Pluygers
