1774 2782
301 174 316 199 1
338 177 352 197 z
436 206 439 208 Ι
707 160 761 194 M.
794 158 959 193 TVLLI
993 156 1298 194 CICERONIS

334 269 372 305 in
395 283 433 306 re
454 269 610 318 publica
631 268 680 305 ab
701 267 784 304 aliis
807 280 1002 315 oppressa,
1026 266 1075 302 ab
1102 265 1185 302 aliis
1208 267 1370 310 deserta,
1395 266 1444 302 ab
1465 264 1548 302 aliis
1574 279 1656 314 pro-

333 333 413 370 dita
434 340 541 381 gesta
568 340 658 368 sunt
686 331 970 376 rescinduntur,
995 330 1064 367 erit
1086 343 1202 366 causa
1223 343 1290 366 cur
1311 329 1516 367 consilium
1540 330 1656 368 maio-

332 411 415 434 rum
447 397 485 433 in
520 395 769 444 amplissimis
800 395 888 432 viris
919 396 968 432 ad
1002 394 1219 432 sacerdotia
1249 394 1466 443 deligendis
1501 394 1581 432 iure
1611 408 1655 432 ac

294 479 310 508 3
333 461 470 499 merito
491 462 648 498 laudare
677 459 883 509 possimus
945 461 1022 497 Sed
1051 459 1238 508 quoniam
1268 461 1330 496 ille
1357 460 1532 505 demens,
1556 459 1585 495 si
1612 472 1657 496 ea

332 540 431 575 quae
452 540 519 575 per
540 527 610 563 hos
628 524 711 563 dies
728 538 801 574 ego
818 524 855 561 in
873 532 1009 561 senatu
1028 525 1077 562 de
1096 538 1134 560 re
1156 523 1314 573 publica
1331 523 1433 561 sensi
1448 523 1655 572 vituperas-
1677 536 1693 567 5

332 600 398 638 set,
422 592 591 640 aliquem
615 605 655 627 se
675 590 826 627 aditum
843 590 893 627 ad
914 589 1016 626 auris
1034 597 1179 626 vestras
1201 602 1285 626 esse
1302 588 1525 625 habiturum
1548 596 1655 637 puta-

331 656 394 703 vit,
419 656 595 693 omittam
623 655 800 692 ordinem
828 654 987 691 dicendi
1019 667 1174 691 meum:
1207 653 1456 702 respondebo
1485 653 1654 690 hominis

332 721 462 758 furiosi
492 735 570 758 non
599 720 775 766 orationi,
807 733 883 769 qua
911 719 974 756 ille
1003 718 1057 756 uti
1087 732 1166 755 non
1195 726 1336 768 potest,
1365 719 1434 755 sed
1462 717 1651 764 convicio,

331 788 440 824 cuius
467 786 783 824 exercitationem
807 799 896 822 cum
920 784 1153 822 intolerabili
1184 783 1398 833 petulantia
1425 791 1507 821 tum
1536 783 1653 821 etiarn

331 852 513 890 diuturna
535 851 766 900 impunitate
788 850 965 887 munivit.
1676 858 1715 881 10

286 927 308 952 2
386 919 442 954 Ac
464 916 633 966 primum
655 916 749 953 illud
771 930 793 953 a
815 924 864 957 tc,
888 915 1049 953 homine
1073 928 1218 953 vesano
1240 928 1285 952 ac
1307 914 1463 960 furioso,
1487 914 1652 963 requiro,

329 996 429 1031 quae
445 990 480 1019 te
499 990 605 1019 tanta
621 995 748 1030 poena
763 989 918 1018 tuorum
937 983 1127 1019 scelerum
1150 980 1464 1030 flagitiorumque
1481 987 1592 1017 vexet
1613 987 1655 1016 ut

329 1048 400 1084 hos
422 1047 508 1084 talis
523 1046 759 1095 viros‚—-qui
776 1060 853 1084 non
870 1048 997 1083 solum
1016 1045 1188 1084 consiliis
1206 1047 1284 1083 suis
1301 1046 1371 1083 sed
1389 1045 1506 1083 etiam
1524 1044 1653 1094 specie

329 1112 411 1161 ipsa
423 1112 653 1161 dignitatem
669 1111 721 1149 rei
735 1112 917 1160 publicae
931 1111 1302 1160 sustinent‚—quod
1316 1124 1388 1161 ego
1405 1110 1443 1148 in
1461 1109 1654 1148 sententia

328 1177 495 1215 dicenda
526 1178 690 1214 salutem
721 1176 863 1214 civium
893 1191 982 1214 cum
1015 1178 1164 1214 honore
1193 1178 1265 1215 (sn.
1298 1175 1462 1226 Pompei
1493 1175 1653 1214 coniun-
1677 1192 1713 1223 15

328 1242 446 1280 xerim
469 1241 563 1279 mibi
586 1256 670 1279 esse
692 1243 819 1287 iratos,
836 1249 873 1279 et
894 1243 1000 1280 aliud
1018 1244 1067 1280 de
1082 1256 1235 1279 sumnia
1256 1241 1442 1291 religione
1463 1242 1539 1279 hoc
1560 1249 1654 1279 tem-

289 1326 305 1355 4
329 1320 420 1355 pore
442 1321 622 1344 sensuros
643 1321 688 1344 ac
710 1320 772 1344 me
798 1306 962 1344 absente
991 1307 1182 1345 senserint
1209 1307 1423 1345 arbitrere?
1483 1307 1653 1354 ‘Fuisti,'

328 1373 463 1422 inquit,
491 1377 594 1411 ‘tum
622 1374 727 1423 apud
756 1373 962 1423 pontifices
991 1374 1177 1422 superior,
1201 1375 1270 1411 sed
1292 1373 1381 1419 iam,
1405 1373 1592 1423 quoniam
1616 1382 1653 1413 te

327 1440 376 1475 ad
399 1441 588 1488 populum
610 1438 823 1486 contulisti,
844 1438 895 1476 sis
912 1438 1069 1477 inferior
1086 1453 1246 1477 necesse
1262 1441 1343 1477 est.'
1403 1441 1514 1477 Itane
1533 1442 1653 1478 vero?

328 1505 435 1552 quod
457 1504 494 1541 in
522 1504 699 1553 imperita
726 1504 979 1542 multitudine
1007 1512 1065 1542 est
1094 1504 1399 1551 vitiosissimum,
1422 1505 1585 1542 varietas
1614 1513 1651 1543 et
1674 1523 1715 1545 20

327 1568 588 1607 inconstantia
613 1578 649 1607 et
678 1570 813 1607 crebra
840 1577 1041 1619 tamquam
1069 1577 1346 1619 tempestatum
1369 1571 1422 1607 sic
1445 1570 1651 1608 sententia-

326 1648 410 1670 rum
433 1635 700 1680 commutatio,
725 1636 801 1672 hoc
823 1642 864 1673 tu
891 1636 941 1673 ad
970 1637 1042 1673 hos
1071 1637 1287 1681 transferas,
1311 1649 1410 1684 quos
1438 1636 1488 1672 ab
1519 1635 1652 1673 incon-

326 1699 466 1736 stantia
492 1699 666 1748 gravitas,
690 1714 712 1737 a
740 1700 949 1738 libidinosa
978 1701 1172 1738 sententia
1199 1708 1347 1738 certum
1378 1708 1415 1738 et
1443 1700 1650 1738 definitum

325 1764 383 1801 ius
414 1764 654 1813 religionum,
682 1773 852 1803 vetustas
884 1768 1162 1815 exemplorum,
1195 1766 1405 1804 auctoritas
1437 1766 1648 1804 litterarum

327 1837 751 1879 monumentorumque
773 1832 971 1869 deterret?
1031 1834 1168 1869 ‘Tune
1198 1846 1239 1869 es
1267 1831 1356 1878 ille,y
1381 1831 1518 1881 inquit,
1546 1835 1648 1881 ‘quo
1670 1846 1707 1878 25

326 1901 481 1931 senatus
512 1908 640 1932 carere
670 1909 748 1933 non
781 1896 918 1945 potuit,
950 1911 1067 1946 quem
1100 1896 1193 1934 boni
1224 1898 1414 1943 luxerunt,
1444 1909 1561 1946 quem
1587 1909 1648 1934 res

325 1958 480 2006 publica
502 1959 745 2005 desideravit,
772 1974 851 2009 quo
874 1962 1051 2000 restituto
1073 1970 1230 2000 senatus
1251 1962 1523 2000 auctoritatem
1545 1961 1649 2000 resti-

326 2030 445 2059 tutam
488 2024 721 2072 putabamus
763 2040 881 2075 quam
923 2029 1091 2076 primum
1131 2028 1346 2066 adveniens
1385 2028 1592 2077 prodidisti
1610 2028 1646 2066 ?’

326 2089 514 2125 Nondum
545 2090 594 2126 de
626 2104 713 2127 mea
738 2092 931 2129 sententia
959 2093 1072 2131 dico:
1104 2093 1372 2143 impudentiae
1400 2093 1569 2143 primum
1594 2106 1649 2131 re-

362 2204 380 2242 ⁸1
409 2195 440 2224 in
462 2205 495 2224 re
517 2207 546 2234 p.
569 2201 603 2225 ul
624 2198 726 2228 Orelli
741 2201 786 2230 sta
808 2201 899 2231 Hbc:
926 2203 971 2231 rci
991 2213 1020 2241 p.
1042 2203 1074 2231 P
1088 2207 1115 2233 ct
1126 2203 1202 2242 pler.
1220 2215 1226 2232 :
1252 2213 1287 2232 rc·
1307 2214 1336 2238 p.
1361 2202 1449 2232 GMk
1554 2213 1572 2232 2
1598 2213 1648 2232 re-

320 2238 519 2286 sclndentur
536 2240 642 2270 Rueck
659 2254 664 2271 :
691 2248 802 2273 -antur
818 2244 952 2275 Ernesti
1044 2256 1062 2284 5
1089 2247 1165 2285 pub.
1184 2258 1249 2277 0111.
1270 2246 1358 2277 ΡΒΣ
1476 2257 1513 2284 14
1539 2247 1647 2284 digni-

321 2284 421 2310 tatem
441 2291 494 2330 rer
506 2293 535 2320 p.
556 2283 589 2312 P
603 2286 666 2315 rell.
686 2291 816 2324 praeter
829 2288 869 2317 M
884 2290 933 2319 (et
950 2290 1112 2327 dignitate
1131 2300 1200 2320 rem
1219 2289 1401 2329 publicam)
1495 2292 1533 2320 16
1558 2290 1646 2320 aliud

320 2323 407 2354 Hb?
430 2328 458 2353 el
482 2336 514 2354 m
532 2326 564 2355 P
581 2339 669 2359 man.
691 2340 746 2360 rec.
768 2344 774 2360 :
799 2331 895 2361 aliter
913 2333 961 2369 M,
976 2334 1050 2369 fort.
1073 2338 1147 2362 recte
1164 2334 1265 2372 &315
1282 2345 1288 2363 :
1318 2333 1400 2363 alios
1416 2333 1449 2363 P
1463 2333 1526 2363 rell.
1547 2333 1647 2369 (alias

324 2365 386 2405 Ge)
518 2371 554 2399 18
574 2375 640 2401 tum
661 2372 794 2404 Hotom.
813 2386 819 2403 ε
844 2380 877 2404 tu
895 2375 981 2405 codd.
1003 2376 1052 2414 (tu
1072 2377 1179 2415 inquit
1199 2376 1291 2411 ku)
1423 2387 1463 2406 22
1487 2383 1521 2407 tu
1546 2376 1646 2407 ku:

322 2414 400 2483 ἓξὲξ
419 2411 498 2441 [συί.
522 2413 645 2445 Halm:
674 2421 740 2445 tum
759 2417 822 2446 PB
839 2429 846 2447 :
871 2423 980 2448 tamen
999 2423 1058 2449 tw:
1083 2424 1188 2449 totum
1209 2418 1293 2449 GMe
1439 2431 1480 2459 29
1505 2421 1644 2459 primam
