1774 2782
182 527 200 558 5

160 847 199 868 10

158 1494 198 1514 20

155 2139 197 2168 30

314 144 390 181 DE
420 142 749 181 PROVINCIIS
779 141 1206 181 CONSVLARIBVS
1237 140 1454 179 ORATIO
1503 139 1548 176 16
1568 149 1606 187 38

225 265 318 302 ceps
339 252 404 302 qui
428 251 606 290 maluerit
627 264 713 290 esse
734 250 944 301 popularis.
1005 251 1084 290 Sed
1104 250 1285 288 homines
1305 257 1372 288 aut
1393 257 1549 299 propter

221 316 496 366 indignitatem
517 330 627 354 suam
641 315 757 354 diffisi
779 315 849 365 ipsi
868 315 954 362 sibi,
973 323 1040 354 aut
1054 323 1214 366 propter
1227 315 1465 364 reliquorum
1483 314 1549 351 ob-

223 380 496 419 trectationem
522 381 572 419 ab
601 380 716 418 huius
744 380 892 418 ordinis
924 379 1205 418 coniunctione
1237 378 1402 429 depulsi,
1432 390 1549 428 saepe

221 458 268 483 ex
283 446 359 483 1100
380 452 494 495 portu
515 458 558 483 se
577 445 616 482 in
634 445 720 483 illos
738 446 879 482 fluctus
899 458 1022 494 prope
1039 444 1258 482 necessario
1274 445 1523 481 contulerunt
1539 457 1549 490 3

221 509 288 559 qui
318 509 347 547 si
380 523 426 547 ex
461 509 525 547 illa
559 509 770 547 iactatione
799 522 996 558 cursuque
1026 509 1203 558 populari
1235 508 1338 546 bene
1367 515 1476 557 gesta
1508 519 1548 545 re

220 573 376 622 publica
393 574 562 611 referunt
583 581 786 623 aspectum
809 574 847 610 111
869 573 1015 611 curiam
1036 581 1154 623 atque
1176 573 1265 610 huic
1287 571 1549 621 amplissimae

220 637 399 687 dignitati
419 651 504 676 esse
524 637 792 676 commendati
816 638 962 684 volunt,
986 650 1067 675 non
1090 638 1210 675 modo
1234 649 1315 673 non
1334 635 1547 685 repellendi

219 709 310 738 sunt
342 715 476 739 verum
503 701 620 739 etiam
648 701 869 751 expetendi.
932 702 1146 739 Monemur
1175 714 1197 738 a
1224 700 1434 738 fortissimo
1466 699 1548 737 viro
1572 713 1583 728 ⁷

218 773 337 814 atque
357 765 507 815 optimo
528 774 617 815 post
633 766 841 804 hominum
861 767 1091 804 memoriam
1109 767 1270 804 consule
1287 773 1327 802 ut
1349 763 1547 814 providea-

220 843 306 867 mus
323 842 372 867 ne
389 829 543 868 citerior
559 830 687 868 Gallia
704 831 818 868 nobis
839 829 969 868 invitis
989 830 1103 867 alicui
1119 831 1351 868 decernatur
1371 836 1459 878 post
1480 841 1547 866 eos

219 895 400 932 consules
415 895 481 943 qui
499 907 605 932 nunc
619 902 731 932 erunt
750 894 955 944 designati,
975 902 1246 944 perpetuoque
1262 894 1424 943 posthac
1438 892 1546 930 abiis

219 961 284 1010 qui
303 962 408 998 hunc
430 961 609 999 ordinem
635 968 865 1010 oppugnent
886 960 1064 1010 populari
1085 973 1130 997 ac
1151 960 1376 997 turbulenta
1397 958 1546 996 ratione

218 1034 406 1063 teneatur.
478 1027 608 1074 Quam
645 1039 716 1075 ego
751 1027 905 1075 plagam
941 1025 1013 1063 etsi
1048 1038 1128 1063 11011
1160 1032 1384 1070 contemno,
1419 1032 1546 1074 patres

219 1090 440 1140 conscripti,
473 1090 700 1140 praesertim
737 1090 911 1128 monitus
941 1104 963 1128 a
998 1089 1288 1139 sapientissimo
1317 1090 1480 1127 consule
1509 1097 1546 1126 et

219 1155 521 1205 diligentissimo
545 1156 710 1193 custode
738 1155 845 1205 pacis
873 1163 991 1204 atque
1020 1154 1085 1202 oti,
1110 1163 1242 1192 tamen
1271 1153 1545 1192 vehementius

219 1220 383 1257 arbitror
421 1220 781 1270 pertimescendum
822 1219 852 1257 si
899 1219 1106 1257 hominum
1153 1218 1454 1257 clarissimorum
1501 1230 1545 1255 ac

219 1284 583 1333 potentissimorum
617 1292 684 1322 aut
713 1286 905 1322 honorem
940 1284 1120 1321 minuero
1153 1291 1219 1321 aut
1254 1282 1427 1320 studium
1457 1294 1545 1331 erga

219 1349 324 1386 hunc
359 1349 538 1386 ordinem
573 1349 790 1398 repudi-aro.
863 1350 967 1386 Nam
996 1356 1039 1386 ut
1069 1349 1114 1386 C.
1148 1347 1270 1385 Iulius
1309 1347 1493 1385 omnibus
1523 1360 1546 1384 a

219 1420 357 1450 senatu
378 1412 528 1450 eximiis
548 1421 614 1450 aut
636 1413 747 1450 novis
769 1413 885 1451 rebus
906 1420 1064 1450 ornatus
1086 1425 1154 1462 per
1176 1425 1314 1449 manus
1341 1412 1442 1448 lianc
1462 1425 1546 1460 pro-

219 1477 386 1515 vinciam
409 1479 534 1516 tradat
559 1478 593 1515 ei
619 1477 681 1515 cui
703 1477 866 1515 minime
885 1491 954 1514 vos
975 1477 1112 1523 velitis,
1134 1490 1202 1526 per
1225 1489 1345 1526 quem
1366 1477 1543 1513 ordinem

218 1542 301 1591 ipse
327 1542 609 1592 amplissimam
639 1542 686 1580 sit
715 1542 878 1591 gloriam
908 1549 1153 1587 consecutus,
1184 1540 1218 1578 ei
1250 1553 1300 1578 ne
1326 1541 1542 1578 libertatem

218 1608 381 1656 quidem
429 1607 634 1656 relinquat,
667 1606 812 1644 adduci
851 1607 903 1644 ad
946 1605 1228 1655 suspicandum
1272 1606 1381 1641 nullo
1424 1605 1544 1643 modo

218 1685 392 1722 possum.
450 1672 656 1709 Postremo
678 1683 758 1720 quo
779 1671 947 1719 quisque
971 1669 1105 1707 animo
1130 1670 1281 1705 futurus
1303 1668 1362 1714 sit,
1386 1667 1543 1706 nescio:

218 1735 314 1785 quid
335 1748 499 1786 sperem,
518 1735 646 1774 video.
706 1737 906 1773 Praestare
923 1736 999 1771 1100
1019 1742 1174 1771 senator
1195 1733 1334 1780 debeo,
1352 1740 1542 1782 quantum

217 1813 390 1850 possum,
414 1813 464 1837 ne
484 1799 572 1849 quis
592 1799 648 1836 vir
673 1800 799 1837 clarus
823 1807 890 1837 aut
911 1808 1051 1848 potens
1072 1797 1163 1835 huic
1184 1797 1311 1835 ordini
1334 1797 1413 1835 iure
1434 1797 1544 1835 irasci

217 1876 333 1913 posse
371 1864 559 1901 videatur.
633 1866 767 1912 Atque
796 1864 904 1909 haec,
942 1862 973 1900 si
1007 1862 1299 1899 inimicissimus
1334 1874 1459 1899 essem
1496 1861 1542 1900 C.

219 1928 388 1975 Caesari,
412 1927 597 1966 sentirem
619 1936 752 1965 tamen
776 1927 829 1965 rei
851 1926 1033 1977 publicae
1052 1939 1179 1964 causa.

1566 1883 1605 1911 40

272 1993 349 2030 Sed
371 2006 450 2030 non
471 1993 643 2031 alienum
665 2005 750 2030 esse
769 1991 944 2038 arbitror,
962 2004 1043 2040 quo
1063 1991 1191 2028 minus
1212 2004 1328 2040 saepe
1343 1998 1409 2028 aut
1430 1990 1541 2028 inter<
1562 2003 1602 2040 17

216 2059 337 2107 peller
367 2071 389 2095 a
420 2071 502 2095 non
532 2057 646 2095 nullis
676 2065 743 2094 aut
773 2058 980 2094 tacitorum
1007 2055 1292 2093 existimatione
1320 2056 1538 2103 reprendar,

217 2122 409 2172 explicare
431 2121 598 2160 breviter
619 2134 720 2170 quae
742 2120 837 2158 mihi
860 2120 907 2157 sit
929 2119 1024 2157 ratio
1050 2127 1086 2156 et
1111 2131 1229 2156 causa
1249 2131 1337 2155 cum
1362 2118 1537 2156 Caesare.

261 2236 280 2255 2
305 2226 538 2264 indignitatem
558 2228 595 2254 ut
610 2224 751 2254 Schuetz
767 2224 812 2253 ila
828 2223 911 2254 b25':
937 2223 1135 2259 dignitatem
1155 2221 1187 2250 P
1204 2221 1269 2252 rell.
1425 2231 1462 2250 10
1485 2221 1543 2250 de-

217 2274 372 2299 cernatur
409 2268 486 2306 HS‘,
508 2279 573 2299 om.
602 2267 690 2297 rell.:
727 2267 828 2296 detur
859 2265 992 2296 Adada:
1032 2266 1086 2295 alii
1114 2266 1212 2295 detur
1230 2265 1345 2294 nescio
1379 2264 1428 2293 cui
1460 2264 1538 2293 com'.

220 2311 377 2342 Momms.
576 2320 616 2350 19
644 2315 699 2340 aut
725 2309 835 2340 Prell.
859 2313 985 2349 praeter
1007 2319 1036 2338 w
1068 2310 1220 2346 (atquem
1253 2317 1290 2337 ac
1315 2306 1402 2336 Hb?
1425 2306 1468 2335 ed.
1498 2305 1538 2335 R.

217 2365 260 2385 20
285 2360 317 2384 et
335 2364 396 2393 per
411 2353 571 2394 Pluygers
716 2364 757 2392 29
783 2352 969 2390 reprendar
985 2352 1016 2382 P
1031 2351 1094 2382 rell.
1109 2363 1114 2381 2
1142 2350 1373 2389 reprehendar
1390 2349 1476 2380 llb‘?
1491 2348 1539 2379 ed.

219 2397 260 2429 R.
282 2400 335 2434 (ἐξ
353 2407 404 2436 42,
425 2399 480 2436 45)
