1774 2782
263 130 305 166 14
327 136 363 166 52
693 120 749 156 M.
781 118 949 155 TVLLI
983 117 1289 156 CICERONIS

326 245 445 270 mune
473 229 683 269 consilium
709 229 818 278 quod
846 235 928 266 tum
960 240 1040 265 non
1068 227 1466 266 honorificentissime
1490 228 1540 266 de
1567 240 1656 265 mea

326 298 450 335 salute
471 296 733 334 decrevisset:
764 307 854 331 cum
883 293 1015 331 subito
1042 292 1203 331 edicunt
1230 293 1311 331 duo
1338 294 1520 331 consules
1541 300 1583 330 ut
1604 294 1654 331 ad

326 375 441 400 suum
476 360 659 399 vestitum
693 366 892 397 senatores
925 359 1106 396 redirent.
1167 359 1266 406 Quis
1297 371 1485 407 umquam
1516 359 1654 396 consul

325 434 505 464 senatum
538 424 659 474 ipsius
692 423 857 462 decretis
888 436 1021 473 parere
1051 422 1280 472 prohibuit?
1340 424 1438 471 Quis
1468 430 1654 472 tyrannus

326 492 488 529 miseros
527 491 658 539 lugere
697 488 848 527 vetuit?
920 490 1115 526 Parumne
1149 494 1217 534 est,
1256 487 1357 535 Piso,
1394 495 1436 526 ut
1474 487 1652 526 omittam
1675 500 1691 531 5

325 555 551 602 Gabinium,
591 555 700 604 quod
738 561 889 591 tantum
931 552 1112 591 homines
1147 553 1314 591 fefellisti
1354 561 1396 590 ut
1431 554 1654 603 neglegeres

324 622 597 660 auctoritatem
620 626 788 665 senatus,
813 617 952 668 optimi
973 617 1164 667 cuiusque
1184 617 1347 656 consilia
1367 625 1651 665 contemneres,

326 700 406 725 rem
422 686 620 736 publicam
635 684 1045 734 proderes,consulare
1059 695 1205 721 nomen
1219 684 1445 733 adfligeres?
1471 682 1653 721 Etiamne

325 752 480 789 edicere
511 750 686 788 audebas
721 762 770 787 ne
806 755 1022 787 maererent
1055 747 1236 786 homines
1269 761 1409 794 meam,
1444 761 1566 795 suam,
1599 750 1652 787 rei

324 816 506 867 publicae
527 814 802 861 calamitatem,
827 827 875 852 ne
903 815 1008 852 hunc
1036 826 1151 852 suum
1179 814 1357 852 dolorem
1379 821 1485 852 veste
1512 815 1653 863 signifi·
1677 827 1714 849 ιο

324 883 487 921 carent?
544 882 633 919 Sive
655 880 718 918 illa
739 880 855 918 vestis
879 878 1043 918 mutatio
1064 880 1114 917 ad
1136 880 1285 917 luctum
1309 879 1481 928 ipsorum
1503 879 1583 917 sive
1603 879 1653 917 ad

325 947 620 997 deprecandum
651 945 815 991 valebat,
840 946 927 994 quis
958 957 1145 994 umquam
1177 951 1256 981 tam
1287 943 1456 982 crudelis
1486 944 1556 982 suit
1586 945 1652 994 qui

324 1013 549 1063 prohiberet
579 1024 819 1061 quemquam
850 1017 916 1048 aut
947 1009 1019 1048 sibi
1052 1022 1223 1047 maerere
1249 1016 1316 1046 aut
1345 1009 1483 1047 ceteris
1511 1010 1652 1059 suppli-

264 1095 304 1128 33
324 1080 440 1117 care?
497 1078 636 1126 Quid?
675 1090 743 1114 sua
774 1082 914 1125 sponte
945 1074 1125 1113 homines
1156 1076 1194 1112 in
1224 1073 1440 1113 amicorum
1471 1075 1651 1124 periculis

323 1143 506 1181 vestitum
538 1149 688 1179 mutare
720 1154 800 1178 non
831 1142 989 1178 solent?
1046 1142 1122 1178 Pro
1151 1147 1189 1177 te
1219 1139 1316 1189 ipso,
1347 1140 1448 1187 Piso,
1481 1152 1650 1178 nemone
1676 1155 1710 1185 ¹5

323 1208 520 1247 mutabit?
562 1220 610 1245 ne
650 1206 710 1244 isti
752 1205 912 1256 quidem
949 1219 1049 1255 quos
1089 1206 1236 1254 legatos
1272 1218 1352 1243 non
1387 1206 1508 1243 modo
1542 1206 1651 1244 nullo

322 1281 479 1312 senatus
513 1273 706 1318 consulto,
744 1272 813 1310 sed
849 1272 965 1309 etiam
1006 1277 1249 1320 repugnante
1288 1278 1425 1308 senatu
1460 1269 1529 1308 tibi
1569 1277 1651 1309 tute

322 1337 486 1388 legasti?
544 1338 648 1386 Ergo
673 1335 844 1374 hominis
873 1334 1067 1385 desperati
1096 1343 1133 1373 et
1162 1336 1370 1385 proditoris
1392 1336 1445 1373 rei
1472 1334 1651 1384 publicae

321 1417 455 1441 casum
478 1401 668 1451 lugebunt
686 1402 846 1438 fortasse
868 1401 934 1450 qui
957 1401 1111 1438 volent:
1143 1400 1236 1438 civis
1260 1399 1522 1438 florentissimi
1545 1401 1651 1439 beni-

322 1467 492 1507 volentia
522 1468 717 1505 bonorum
748 1474 785 1504 et
816 1464 964 1515 optime
994 1466 1045 1503 de
1075 1466 1198 1503 salute
1226 1464 1372 1515 patriae
1401 1465 1526 1503 meriti
1554 1465 1649 1515 peri-
1670 1478 1710 1500 20

321 1534 466 1579 culum,
500 1533 757 1569 coniunctum
792 1543 881 1568 cum
916 1530 1089 1579 periculo
1122 1529 1299 1576 civitatis,
1336 1531 1466 1580 lugere
1498 1532 1648 1568 senatui

322 1612 403 1636 non
425 1598 586 1636 licebit?
627 1598 822 1645 Idemque
843 1597 1035 1642 consules,
1060 1596 1090 1633 si
1112 1596 1335 1645 appellandi
1358 1603 1448 1633 sunt
1468 1597 1650 1634 consules

321 1677 421 1714 quos
451 1676 569 1701 nemo
597 1670 654 1700 est
684 1661 779 1711 quin
810 1675 890 1700 non
921 1662 1042 1700 modo
1069 1675 1115 1700 ex
1146 1661 1335 1700 memoria
1362 1662 1430 1699 sed
1459 1660 1577 1699 etiam
1604 1674 1650 1699 ex

321 1731 428 1767 fastis
463 1728 689 1766 evellendos
724 1734 845 1776 putet,
883 1734 999 1776 pacto
1038 1727 1113 1764 iam
1151 1728 1308 1764 foedere
1348 1725 1647 1776 provinciarum,

322 1793 502 1844 producti
535 1794 573 1830 in
609 1793 712 1830 circo
750 1791 942 1830 Flaminio
975 1793 1013 1829 in
1044 1792 1271 1830 contionem
1301 1791 1352 1829 ab
1382 1791 1446 1828 illa
1476 1791 1573 1828 furia
1603 1804 1648 1828 ac
1669 1805 1708 1836 25

321 1867 430 1909 peste
456 1858 613 1908 patriae,
638 1858 808 1895 maximo
839 1870 929 1895 cum
957 1857 1105 1907 gemitu
1133 1865 1270 1903 vestro,
1295 1858 1359 1893 illa
1386 1855 1519 1894 omnia
1548 1868 1649 1905 quae

321 1932 404 1963 tum
426 1932 562 1962 contra
584 1936 646 1961 me
674 1930 890 1972 contraque
918 1935 999 1960 rem
1028 1921 1226 1972 publicam
1252 1922 1465 1971 agebantur
1481 1933 1578 1959 voce
1604 1933 1650 1957 ac

322 1989 516 2028 sententia
538 2001 607 2026 sua
628 1987 996 2036 comprobaverunt.

262 2068 303 2106 15
378 2055 592 2102 Isdemque
614 2052 843 2091 consulibus
861 2051 1089 2091 sedentibus
1106 2059 1225 2102 atque
1242 2051 1553 2102 inspectantibus
1574 2052 1650 2088 lata

365 2167 385 2196 3
410 2155 581 2186 consulum
603 2155 649 2185 G:
676 2155 862 2185 consultum
883 2155 944 2184 PB
1167 2166 1187 2192 9
1212 2155 1360 2185 audebas
1379 2158 1413 2184 nl
1429 2154 1508 2184 σοιτί.
1530 2154 1648 2184 Lamb.

323 2200 368 2230 ita
393 2201 446 2231 (ἴε
481 2200 606 2230 audeas
633 2199 744 2229 Prell.
914 2200 952 2228 16
988 2197 1126 2229 mutabit
1155 2198 1374 2229 Lallemand:
1399 2198 1539 2228 mutavit
1561 2197 1649 2227 codd.

322 2244 452 2283 legatos
468 2249 559 2282 susp.
580 2242 606 2272 I.
623 2241 677 2273 Fr.
698 2242 893 2279 Gronovius,
908 2242 960 2272 all.
981 2243 1032 2281 (cf.
1050 2243 1121 2273 Vnt.
1144 2246 1158 2280 5
1177 2246 1234 2281 35]
1340 2252 1380 2271 22
1405 2241 1593 2279 Eidemque
1607 2239 1649 2270 P1

322 2297 363 2325 23
388 2287 468 2325 quin
481 2297 548 2316 non
565 2285 744 2316 Garatoni:
769 2285 826 2323 qui
844 2296 910 2315 non
928 2285 1016 2316 codd.
1130 2296 1169 2324 27
1195 2285 1381 2324 agebantur
1397 2284 1504 2325 suppl.
1523 2283 1629 2313 Halm
1645 2295 1651 2314 z

323 2331 527 2370 parabantur
559 2329 672 2359 Koclz:
711 2328 906 2359 serebantur
941 2328 1061 2360 Orelli:
1102 2329 1258 2360 dixerant
1290 2328 1321 2357 b'2
1344 2327 1391 2358 ed.
1417 2327 1479 2359 R:
1521 2327 1651 2357 dixerat

323 2374 490 2414 Angelius
