1774 2782
281 130 340 167 IN
375 131 413 167 P.
446 130 736 167 VATINIVM
767 130 992 167 TESTEM
1025 130 1463 169 INTERROGATIO
1511 140 1553 178 17
1572 145 1611 176 41

226 252 359 278 verum
399 246 531 277 tamen
571 251 728 289 quaero,
765 253 855 278 cum
895 239 933 278 in
968 253 1008 278 re
1046 241 1205 290 publica
1243 241 1552 281 administranda

225 306 271 341 T.
295 303 429 341 Annio
451 317 540 341 cum
564 305 603 341 P.
628 303 756 342 Sestio
776 304 1029 342 consiliorum
1051 306 1228 343 omnium
1251 305 1417 344 societas
1439 307 1552 345 suerit

225 367 319 405 —id
344 368 453 416 quod
479 380 559 405 non
587 369 714 405 solum
746 368 952 414 bonorum,
975 382 1108 407 verum
1137 369 1252 406 etiam
1283 369 1551 420 improborum

226 431 373 470 iudicio
401 433 643 470 declaratum
671 440 754 480 est,
785 441 842 471 est
867 435 972 471 enim
998 447 1085 472 reus
1115 442 1278 483 uterque
1306 435 1358 472 ob
1383 437 1551 474 eandem

187 513 203 542 5
226 510 383 534 causam
414 505 451 535 et
482 498 624 535 eodem
654 497 828 544 crimine,
851 499 947 535 alter
976 497 1040 535 die
1070 497 1175 535 dicta
1203 499 1253 536 ab
1284 511 1331 536 eo
1362 512 1477 548 quem
1511 507 1552 537 tu

225 575 347 599 unum
370 561 650 610 improbiorem
671 574 758 599 esse
783 575 903 611 quam
931 570 968 600 te
998 576 1072 599 non
1099 576 1316 612 numquam
1339 565 1439 602 soles
1461 577 1551 602 con-

226 625 335 672 fiteri,
359 627 456 664 alter
482 626 558 664 tuis
585 625 769 672 consiliis,
792 625 859 663 illo
886 633 1018 664 tamen
1043 626 1457 676 adiuvante—quaero
1485 627 1550 677 qui

226 692 350 741 possis
381 704 448 730 eos
479 704 579 741 quos
617 691 781 729 crimine
815 691 1021 740 coniungis
1057 691 1284 730 testimonio
1319 692 1551 742 diiungere?

226 756 456 793 Extremum
478 755 575 793 illud
596 763 654 792 est
675 756 783 804 quod
801 755 895 792 mihi
916 756 986 793 abs
1007 763 1044 793 te
1062 756 1287 805 responderi
1311 757 1437 802 velim,
1461 759 1566 794 cum'

169 834 206 855 10
227 820 348 857 multa
369 818 408 856 in
430 818 726 857 Albinovanum
748 820 798 857 de
819 819 1148 868 praevaricatione
1173 820 1335 867 diceres,
1359 821 1551 859 dixerisne

227 897 299 922 nec
321 883 390 921 tibi
414 885 608 933 placuisse
636 897 709 921 nec
736 883 956 933 oportuisse
983 884 1151 922 Sestium
1182 886 1231 923 de
1254 885 1287 922 vi
1312 898 1418 923 reum
1443 886 1551 923 fieri?

226 948 362 998 quavis
379 950 474 998 lege,
494 950 633 998 quovis
650 949 812 986 crimine
828 951 1094 987 accusandum
1114 950 1242 999 potius
1261 950 1405 988 fuisse?
1437 950 1550 988 etiam

226 1013 322 1051 illud
356 1013 508 1060 dixeris,
543 1027 703 1051 causam
740 1015 912 1059 Milonis,
951 1014 1147 1051 fortissimi
1183 1015 1262 1061 viri,
1300 1016 1551 1053 coniunctam

226 1091 316 1115 cum
339 1079 415 1116 hoc
437 1078 676 1116 existimari?
705 1091 806 1128 quae
833 1092 903 1128 pro
931 1092 994 1116 me
1014 1092 1035 1116 a
1057 1079 1183 1117 Sestio
1206 1081 1304 1117 facta
1327 1079 1415 1125 sint,
1441 1080 1552 1117 bonis

170 1157 205 1188 15
227 1156 312 1181 esse
332 1144 469 1192 grata?
527 1144 619 1180 Non
647 1156 817 1192 coarguo
844 1143 1148 1180 inconstantiam
1174 1143 1358 1181 orationis
1386 1157 1431 1181 ac
1454 1145 1552 1181 testi*

228 1209 334 1246 moni
368 1207 578 1257 tui—quas
610 1209 715 1246 enim
748 1208 862 1245 huius
895 1208 1069 1246 actiones
1104 1209 1287 1258 probatas
1320 1209 1432 1246 bonis
1469 1222 1552 1247 esse

227 1272 338 1318 dicis,
370 1274 408 1309 in
439 1286 504 1311 eas
534 1272 710 1322 plurimis
739 1273 866 1310 verbis
899 1273 1168 1311 testimonium
1201 1273 1354 1320 dixisti,
1394 1275 1553 1323 quicum

227 1347 358 1376 autem
390 1338 474 1376 eius
504 1351 662 1376 causam
693 1338 991 1388 periculumque
1021 1339 1237 1386 coniungis,
1271 1353 1358 1376 eum
1391 1340 1552 1376 summis

230 1402 412 1440 laudibus
443 1402 636 1441 extulisti:
667 1404 736 1440 sed
767 1404 842 1440 hoc
875 1416 1032 1452 quaero,
1065 1417 1159 1440 num
1190 1405 1228 1441 P.
1264 1404 1444 1449 Sestium,
1477 1417 1552 1453 qua

169 1483 210 1504 20
229 1468 313 1516 lege
334 1469 602 1505 accusandum
632 1469 796 1505 omnino
824 1467 942 1505 fuisse
968 1480 1096 1517 negas,
1121 1481 1166 1505 ea
1187 1469 1270 1517 Iege
1298 1469 1552 1505 condemnari

229 1540 341 1582 putes
372 1534 583 1581 oportere?
616 1540 693 1578 aut,
721 1531 751 1569 si
777 1540 814 1569 te
843 1531 881 1569 in
912 1532 1140 1570 testimonio
1171 1532 1325 1570 consuli
1356 1533 1476 1578 noles,
1504 1545 1552 1570 ne

228 1597 324 1646 quid
346 1597 415 1635 tibi
437 1597 678 1635 auctoritatis
699 1610 721 1635 a
744 1611 805 1634 me
827 1597 1015 1634 tributum
1041 1609 1127 1634 esse
1148 1596 1334 1643 videatur,
1359 1596 1552 1634 dixerisne

228 1663 266 1699 in
288 1675 379 1700 eum
401 1663 671 1700 testimonium
692 1663 743 1699 de
758 1662 795 1698 vi
817 1674 934 1710 quem
958 1661 1107 1710 negaris
1129 1675 1238 1699 reum
1261 1662 1425 1699 omnino
1446 1662 1495 1699 de
1516 1661 1551 1699 vi

229 1725 308 1764 fieri
332 1727 546 1764 debuisse?

274 1839 288 1858 1
315 1839 431 1859 verum
454 1834 565 1859 tamen
587 1840 712 1867 quaero
734 1829 850 1858 Lamh.
870 1841 876 1859 ς
903 1839 1016 1858 verum
1039 1828 1183 1858 etiamen
1207 1839 1333 1867 quaero
1351 1827 1412 1858 P':
1438 1838 1552 1858 verum

229 1872 328 1902 etiam
346 1873 378 1901 in
396 1883 523 1912 quaero
540 1871 661 1902 I³²BE:
684 1883 798 1902 verum
817 1872 915 1902 etiam
935 1871 1066 1911 inquiro
1085 1882 1224 1910 vquaero
1241 1873 1276 1909 le)
1296 1870 1358 1900 (1'2k
1435 1872 1466 1900 in
1485 1882 1548 1901 om.

230 1914 335 1945 Sclzol.
492 1926 511 1945 2
547 1915 694 1945 omnium
723 1926 788 1945 om.
817 1914 921 1946 Scltol.
1073 1917 1093 1944 6
1131 1925 1196 1944 non
1225 1914 1301 1943 add.
1330 1914 1377 1944 cd.
1406 1914 1550 1951 Herium.

233 1959 272 1988 18
295 1965 406 1988 autem
424 1958 534 1988 ΡΒΣε
563 1959 624 1988 hoc
645 1957 672 1987 G
690 1958 785 1996 (Sesl.
807 1961 820 1995 ξ
845 1959 925 1996 138ς
952 1958 1046 1988 Balla.
1072 1960 1086 1994 ξ
1106 1962 1162 1997 41)
1263 1957 1439 1995 coniungis
1462 1956 1552 1986 edd:

230 2001 416 2040 coniungas
433 2001 552 2033 PBG}
686 2012 726 2040 23
753 2001 929 2039 negaveris
947 2000 1053 2030 Schol.
1074 2000 1172 2039 Ἀδικεῖ.
1196 2003 1209 2036 ξ
1225 2001 1282 2040 61)
