1774 2782
242 153 258 179 1
282 158 296 178 2
648 140 703 177 M.
735 139 903 175 TVLLI
935 138 1240 176 CICERONIS

279 251 453 288 secundo
470 249 570 287 vitae
591 248 674 286 sine
695 249 772 285 ulla
793 247 1009 285 ofsensione
1031 260 1155 293 cursu,
1175 254 1317 292 tamen,
1342 245 1371 284 si
1395 245 1489 283 milii
1508 253 1604 284 tran-

278 315 397 364 quilla
418 322 455 352 et
476 315 627 363 placata
647 312 780 350 omnia
800 311 974 357 fuissent,
992 311 1211 349 incredibili
1233 312 1403 360 quadam
1427 318 1464 348 et
1480 324 1605 361 paene

280 379 422 424 divina,
449 391 526 427 qua
555 390 660 414 nunc
682 384 809 413 vestro
840 375 1034 413 beneficio
1060 376 1174 422 fruor,
1205 374 1376 413 laetitiae
1405 376 1605 425 voluptate

279 442 501 481 caruissem.
559 440 666 490 Quid
688 440 840 478 dulcius
861 439 1067 477 hominum
1088 439 1219 489 generi
1240 439 1290 477 ab
1313 447 1449 477 natura
1470 440 1605 477 datum

279 516 337 546 est
358 521 474 557 quam
500 505 557 544 sui
586 507 728 555 cuique
755 504 894 543 liberi?
924 504 1018 542 mibi
1040 518 1131 542 vero
1159 512 1196 542 et
1223 512 1382 554 propter
1404 504 1606 554 indulgen<
1628 520 1644 551 5

280 574 372 611 tiam
401 586 527 610 meam
556 579 593 610 et
621 579 777 621 propter
804 571 998 608 excellens
1025 584 1160 608 eorum
1186 570 1387 620 ingenium
1412 570 1489 608 vita
1516 579 1606 609 sunt

281 652 367 677 mea
401 637 588 675 cariores:
634 643 765 674 tamen
800 649 880 673 non
915 642 1022 672 tanta
1058 636 1257 684 voluptate
1292 642 1400 673 erant
1435 635 1606 685 suscepti

241 716 257 745 3
279 711 425 754 quanta
447 716 552 740 nune
574 709 663 739 sunt
684 700 860 739 restituti.
915 700 1024 738 Nihil
1046 700 1228 750 cuiquam
1251 700 1321 738 fuit
1343 714 1532 750 umquam
1554 700 1607 738 iu-

279 768 446 807 cundius
467 781 585 817 quam
606 766 701 804 milii
724 779 833 804 meus
855 767 992 804 frater:
1016 779 1096 803 non
1119 774 1195 803 tam
1219 765 1258 804 id
1276 765 1494 804 sentiebam
1516 779 1605 804 cum

278 834 432 872 fruebar
462 846 580 883 quam
608 840 691 870 tum
719 845 809 869 cum
837 831 1028 878 carebam,
1060 839 1097 869 et
1128 838 1264 881 postea
1298 845 1416 881 quam
1441 844 1510 869 vos
1543 845 1605 869 me
1629 843 1667 866 10

279 899 332 936 illi
368 907 406 937 et
434 898 528 936 mihi
559 911 647 936 eum
679 896 913 935 reddidistis.
975 898 1055 934 Res
1086 895 1284 933 familiaris
1314 909 1383 934 sua
1407 909 1606 946 quemque

278 965 446 1002 delectat
464 980 470 1001 :
499 963 668 1012 reliquae
690 975 801 1000 meae
822 963 1000 1000 fortunae
1021 961 1255 1011 reciperatae
1277 962 1363 1010 plus
1386 960 1481 999 mihi
1501 975 1607 999 nunc

278 1029 489 1078 voluptatis
509 1029 688 1066 adferunt
709 1041 828 1077 quam
855 1034 939 1065 tum
961 1026 1178 1065 incolumes
1199 1027 1439 1065 adserebant.
1501 1026 1608 1064 Ami-

278 1093 402 1140 citiae,
426 1094 743 1138 consuetudines,
767 1091 996 1139 vicinitates,
1019 1091 1237 1139 clientelae,
1257 1091 1341 1130 ludi
1369 1091 1544 1142 denique
1567 1098 1607 1130 et

278 1158 361 1197 dies
390 1158 474 1196 festi
503 1158 598 1207 quid
624 1158 813 1195 haberent
840 1156 1050 1207 voluptatis
1076 1158 1247 1195 carendo
1280 1158 1404 1206 magis
1432 1155 1605 1195 intellexi
1629 1171 1667 1202 15

239 1237 256 1267 4
278 1237 396 1273 quam
419 1224 595 1260 fruendo.
643 1223 726 1259 Iam
745 1235 836 1259 vero
857 1223 996 1268 honos,
1019 1221 1198 1271 dignitas,
1218 1223 1339 1267 locus,
1358 1221 1466 1268 ordo,
1491 1222 1607 1260 bene-

279 1290 366 1327 ficia
397 1296 532 1335 vestra,
565 1300 804 1337 quamquam
838 1287 932 1324 mibi
968 1300 1122 1337 semper
1151 1287 1364 1325 clarissima
1393 1287 1474 1325 visa
1503 1294 1605 1334 sunt,

279 1361 410 1391 tamen
431 1367 475 1391 ea
496 1366 601 1390 nunc
626 1360 811 1390 renovata
831 1351 1052 1390 inlustriora
1072 1352 1253 1390 videntur
1277 1366 1395 1402 quam
1417 1352 1447 1390 si
1470 1352 1608 1391 obscu-

278 1426 359 1456 rata
380 1432 458 1456 non
481 1425 620 1456 essent.
673 1419 764 1467 Ipsa
784 1424 916 1454 autem
938 1418 1071 1467 patria,
1094 1416 1135 1455 di
1156 1416 1394 1455 immortales
1412 1420 1418 1455 l
1446 1418 1525 1456 dici
1545 1417 1606 1455 vix

279 1491 406 1534 potest
435 1484 530 1533 quid
558 1482 738 1529 caritatis,
768 1482 864 1532 quid
891 1481 1101 1531 voluptatis
1129 1482 1297 1530 habeat3
1326 1496 1426 1532 quae
1453 1483 1604 1532 species
1628 1495 1667 1516 20

281 1549 426 1595 Italiae,
460 1562 559 1598 quae
589 1547 793 1585 celebritas
824 1547 1072 1597 oppidorum,
1104 1560 1204 1596 quae
1234 1548 1358 1585 forma
1387 1547 1602 1598 regionum,

279 1614 345 1663 qui
366 1613 455 1663 agri,
479 1627 579 1662 quae
606 1614 743 1662 frugeS‚
768 1626 868 1662 quae
889 1612 1141 1662 pulchritudo
1161 1612 1278 1659 urbis,
1302 1626 1402 1662 quae
1430 1612 1606 1651 humani-

279 1687 336 1716 tas
357 1679 512 1725 civium,
537 1692 636 1727 quae
658 1677 709 1715 rei
733 1678 912 1727 publicae
934 1677 1113 1727 dignitas,
1138 1691 1238 1728 quae
1259 1686 1385 1716 vestra
1406 1678 1603 1717 maiestas!

281 1744 436 1792 Quibus
457 1757 529 1793 ego
546 1743 729 1781 omnibus
750 1750 864 1780 antea
884 1743 1000 1780 rebus
1017 1743 1070 1780 sic
1093 1743 1247 1782 fruebar
1268 1751 1309 1781 ut
1326 1757 1443 1782 nemo
1466 1743 1607 1794 magis3

280 1810 349 1847 sed
378 1816 578 1858 tamquam
610 1808 713 1845 bona
742 1809 926 1846 valetudo
956 1808 1163 1847 iucundior
1193 1816 1250 1846 est
1279 1808 1324 1846 iis
1354 1809 1420 1859 qui
1450 1823 1471 1847 e
1500 1809 1604 1859 gravi
1626 1822 1666 1854 25

280 1875 418 1912 morbo
439 1872 597 1911 recreati
619 1881 709 1911 sunt
730 1887 846 1922 quam
876 1873 942 1922 qui
963 1887 1179 1923 numquam
1205 1887 1320 1924 aegro
1341 1888 1504 1924 corpore
1528 1876 1607 1913 fue-

280 1947 378 1985 runt,
398 1938 451 1976 sic
469 1940 566 1976 haec
582 1938 714 1975 omnia
730 1938 949 1976 desiderata
969 1938 1090 1988 magis
1108 1952 1226 1988 quam
1242 1940 1407 1977 adsidue
1423 1947 1608 1990 percepta

281 2005 488 2042 delectant.
550 2004 747 2051 Quorsum
770 2002 883 2052 igitur
908 2004 1005 2040 baec
1025 2004 1214 2053 disputo?
1244 2007 1462 2054 quorsum?
1491 2012 1532 2042 ut
1554 2004 1607 2042 in-

281 2069 461 2117 tellegere
482 2067 637 2117 possitis
663 2067 863 2105 neminem
884 2081 1071 2118 umquam
1099 2076 1206 2106 tanta
1227 2069 1450 2119 eloquentia
1476 2069 1603 2116 fuisse,

281 2146 409 2182 neque
423 2140 501 2170 tam
516 2132 649 2170 divino
662 2140 779 2182 atque
793 2132 1011 2171 incredibili
1024 2147 1165 2183 genere
1179 2134 1348 2182 dicendi,
1360 2134 1426 2184 qui
1441 2142 1606 2173 vestram
1629 2147 1668 2177 30

326 2247 345 2265 2
370 2241 487 2275 pacata
505 2235 576 2266 dett.
690 2246 709 2274 3
735 2236 829 2266 Num
847 2237 975 2267 laetitia
993 2242 1025 2267 et
1044 2237 1154 2277 volup.
1175 2239 1257 2278 (pro
1274 2237 1374 2268 Sulla
1394 2241 1408 2275 §
1426 2237 1485 2277 91)
1589 2248 1606 2277 7

283 2284 396 2310 tantae
411 2279 577 2319 voluptati
594 2303 601 2310 .
622 2303 629 2310 .
650 2303 656 2310 .
678 2285 821 2318 quantae
839 2280 958 2317 Sclzol„
972 2280 1079 2311 Halm
1174 2291 1211 2319 13
1229 2286 1407 2320 quamtum
1422 2280 1608 2312 incolumes

284 2323 344 2362 Lg.
361 2332 413 2362 25,
432 2322 568 2354 Hotom.
586 2334 592 2353 ε
609 2328 771 2362 quantum
791 2324 1021 2354 incolumitate
1033 2324 1066 2354 P
1081 2327 1173 2365 (corr.
1193 2335 1294 2364 quam
1311 2330 1380 2355 tum
1397 2325 1607 2356 incolumita-

284 2367 337 2403 tis,
355 2370 383 2396 el
401 2367 446 2396 ila
462 2366 492 2396 Β
511 2367 617 2403 rell.):
642 2377 738 2405 quam
763 2372 831 2398 tum
858 2368 890 2397 in
917 2368 1145 2398 incolumitate
1170 2367 1279 2398 Halm
1414 2379 1456 2399 20
1484 2369 1607 2400 habeat

284 2409 400 2440 Lamb.
419 2421 425 2439 :
451 2410 550 2440 habet
567 2409 654 2441 codd.
745 2420 785 2449 25
803 2411 843 2440 iis
859 2411 966 2441 Sclzol.
986 2423 992 2441 :
1019 2412 1069 2441 his
1087 2411 1150 2442 rell.
1244 2422 1262 2441 e
1279 2422 1343 2443 om.
1367 2411 1475 2443 schol.
