1774 2782
114 839 151 862 10

115 1165 152 1197 15

115 1492 155 1514 20

507 134 616 171 PRO
650 135 687 170 P.
721 133 914 171 SESTIO
945 134 1161 171 ORATIO
1440 134 1493 179 36

170 244 285 292 culpa
313 250 432 292 atque
462 241 713 292 improbitate
744 242 875 280 latoris
905 244 1119 281 commodo
1148 243 1282 293 aliquo
1302 246 1495 293 proposito

171 307 358 357 imperitis
372 315 438 345 aut
452 307 665 357 largitione,
683 307 803 345 oritur
816 322 862 345 ex
877 308 1169 346 concertatione
1187 308 1491 358 magistratuum,

171 372 291 410 oritur
311 372 455 411 sensim
476 385 523 411 ex
543 374 714 411 clamore
735 373 916 422 primum,
939 373 1084 412 deinde
1104 373 1235 423 aliqua
1255 373 1494 412 discessione

171 437 378 485 contionis,
400 437 462 475 vix
483 450 569 475 sero
588 445 626 476 et
647 451 732 476 raro
759 439 810 476 ad
838 451 976 475 manus
999 438 1243 487 pervenitur:
1275 440 1382 476 nullo
1403 451 1494 476 vero

171 503 290 541 verbo
320 503 432 548 facto,
457 503 563 540 nulla
593 502 781 541 contione
808 503 1012 548 advocata,
1043 504 1151 540 nulla
1180 504 1260 539 lata
1290 505 1374 552 lege
1403 516 1494 541 con-

172 567 328 606 citatam
350 575 582 604 nocturnam
603 567 839 605 seditionem
860 566 947 616 quis
967 566 1146 604 audivit?
1185 569 1248 604 An
1271 567 1347 606 veri
1369 567 1494 606 simile

173 641 230 672 est
250 640 292 671 ut
311 631 406 670 civis
426 634 633 670 Romanus
660 640 726 670 aut
753 633 873 670 homo
901 631 998 670 liber
1023 631 1231 681 quisquam
1253 645 1343 670 cum
1364 633 1494 682 gladio

172 698 211 736 in
231 699 358 736 forum
386 697 634 735 descenderit
660 704 752 736 ante
773 699 914 745 lucem,
936 711 986 735 ne
1012 699 1063 735 de
1091 711 1153 735 me
1180 697 1265 735 ferri
1287 706 1492 747 pateretur,

172 771 322 813 praeter
343 776 409 801 eos
431 762 499 812 qui
517 763 569 801 ab
597 762 662 801 illo
689 762 874 812 pestifero
900 776 946 800 ac
971 763 1125 812 perdito
1150 762 1224 800 civi
1246 762 1323 800 iam
1343 763 1495 812 pridem

171 828 225 867 rei
254 827 436 878 publicae
462 827 651 878 sanguine
678 827 932 878 saginantur?
990 827 1070 864 Hic
1096 827 1171 865 iam
1197 829 1247 866 de
1274 827 1360 877 ipso
1386 841 1496 866 accu-

171 898 298 928 satore
325 903 482 940 quaero,
504 889 572 940 qui
597 892 638 928 P.
663 891 832 928 Sestium
860 889 1034 939 queritur
1059 903 1150 927 cum
1179 889 1430 928 multitudine
1457 889 1496 926 in

171 954 371 993 tribunatu
391 963 430 993 et
445 968 536 993 cum
553 954 749 1004 praesidio
765 968 910 1003 magno
927 953 1056 1001 fuisse,
1076 968 1170 992 num
1188 954 1255 992 illo
1271 954 1334 993 die
1355 955 1497 993 fuerit?

173 1028 277 1059 certe
295 1034 376 1058 non
399 1020 480 1059 fuit.
539 1020 654 1058 Victa
679 1020 793 1070 igitur
819 1028 877 1058 est
905 1033 1022 1058 causa
1042 1021 1094 1058 rei
1123 1020 1314 1070 publicae,
1338 1028 1376 1058 et
1396 1020 1498 1058 victa

174 1099 254 1123 non
275 1085 469 1135 auspicii5‚
488 1098 568 1123 non
590 1085 882 1132 intercessione,
901 1098 982 1123 non
999 1084 1198 1135 suffragiis,
1216 1086 1285 1123 sed
1301 1084 1348 1132 vi,
1366 1098 1495 1131 manu,

175 1153 283 1189 ferro.
326 1152 430 1189 Nam
444 1152 474 1188 si
491 1150 764 1189 obnuntiasset
779 1150 959 1188 Fabricio
973 1150 1003 1187 is
1020 1158 1173 1200 praetor
1190 1149 1255 1199 qui
1273 1163 1313 1188 se
1327 1163 1498 1188 servasse

173 1219 223 1256 de
255 1218 364 1255 caelo
395 1217 556 1262 dixerat,
584 1216 800 1267 accepisset
832 1230 891 1255 res
924 1216 1082 1266 publica
1112 1218 1278 1267 plagam,
1311 1218 1379 1255 sed
1411 1231 1497 1256 eam

173 1296 292 1333 quam
326 1290 529 1331 acceptam
563 1295 720 1332 gemere
753 1290 885 1331 posset
902 1297 913 1330 3
956 1281 987 1319 si
1022 1281 1302 1320 intercessisset
1336 1283 1499 1333 conlega

174 1347 366 1395 Fabricio,
382 1347 556 1385 laesisset
578 1360 658 1385 rem
680 1347 892 1397 publicam,
911 1348 981 1385 sed
999 1348 1199 1386 tribunicio
1215 1347 1296 1386 iure
1312 1347 1497 1387 laesisset.

173 1412 422 1452 Gladiatores
442 1420 485 1451 tu
505 1412 694 1458 novicios,
711 1425 782 1462 pro
798 1420 1023 1461 exspectata
1042 1412 1240 1451 aedilitate
1261 1413 1497 1463 suppositos,

174 1491 264 1516 cum
295 1477 440 1515 sicariis
466 1490 489 1515 e
515 1490 669 1515 carcere
699 1477 850 1516 emissis
877 1485 969 1516 ante
996 1479 1125 1516 lucem
1154 1477 1355 1516 inmittas?
1383 1477 1501 1528 magi-

174 1550 314 1581 stratus
353 1543 502 1591 templo
545 1541 701 1588 deicias,
742 1544 907 1580 caedem
953 1542 1163 1580 maximam
1203 1543 1332 1590 facias,
1372 1544 1499 1581 forum

174 1609 344 1658 purges?
373 1615 412 1645 et
432 1620 522 1645 cum
545 1607 679 1645 omnia
700 1607 737 1645 vi
767 1616 804 1646 et
833 1607 950 1646 armis
971 1608 1104 1657 egeris,
1127 1621 1288 1645 accuses
1315 1621 1404 1646 eum
1433 1608 1499 1657 qui

175 1687 215 1711 se
240 1672 435 1722 praesidio
464 1672 656 1718 munierit,
687 1686 766 1710 non
792 1681 833 1711 ut
858 1681 896 1711 te
926 1680 1181 1723 oppugnaret,
1211 1674 1280 1710 sed
1311 1681 1351 1710 ut
1381 1673 1499 1711 vitam

175 1751 283 1776 suam
307 1746 438 1788 posset
458 1738 700 1776 defendere?

224 1855 235 1873 1
263 1844 438 1884 proposito
458 1845 508 1875 ln'c
529 1844 634 1885 suppl.
657 1843 802 1883 Mueller.
825 1845 937 1875 oblato
959 1843 1091 1875 Halm:
1120 1844 1294 1883 proposita
1312 1847 1386 1884 post
1404 1843 1500 1882 largi—

177 1889 268 1919 tione
292 1887 489 1927 Naugerius,
511 1893 679 1919 ostentata
697 1888 784 1918 Reid
893 1899 911 1927 5
937 1888 1004 1918 lata
1021 1887 1096 1918 add.
1117 1888 1248 1917 Halm:
1272 1887 1346 1925 lege
1365 1888 1501 1917 recitata

179 1933 216 1972 G,
237 1931 294 1962 sed
306 1943 371 1963 om.
391 1932 610 1963 concitatam:
637 1932 712 1970 lege
730 1933 868 1962 recitata
885 1932 1084 1962 concitatam
1105 1930 1239 1961 Gruter:
1265 1931 1338 1969 lege
1357 1931 1500 1969 promul-

177 1981 255 2014 gata
272 1974 390 2006 Lamb.
547 1986 584 2014 13
610 1982 700 2006 certe
718 1982 810 2006 certe
831 1975 859 2005 G
876 1978 906 2012 (ξ
929 1977 990 2005 106
1006 1975 1137 2013 adsm.)
1286 1983 1323 2012 15
1349 1973 1501 2003 Fabricio

176 2019 244 2050 secl.
261 2019 351 2050 Bake
458 2020 608 2060 praetor]
624 2030 704 2050 -p-R-
717 2019 816 2059 codd,
832 2020 904 2050 trib.
920 2020 1008 2058 pleb.
1025 2019 1216 2058 Naugerius
1231 2017 1292 2056 (2),
1310 2017 1367 2047 del.
1384 2016 1497 2048 Madv.

178 2064 210 2099 (ξ
233 2064 307 2101 126)
324 2075 329 2093 :
347 2064 373 2094 si
393 2063 624 2094 obnuntiasset
644 2064 794 2094 Fabricio
813 2069 958 2103 praetor,
979 2063 1167 2102 accepisset
1182 2061 1338 2100 Kimmig
1381 2071 1417 2090 se
1435 2071 1498 2090 om.

177 2106 240 2137 PB
255 2117 261 2135 z
287 2117 440 2136 servasse
458 2116 495 2136 se
513 2108 565 2137 all.
586 2119 592 2137 ε
617 2108 670 2146 qui
688 2113 857 2138 servasset
875 2109 916 2137 de
934 2107 1026 2137 caelo
1043 2106 1155 2137 Madv.
1310 2106 1348 2134 16
1373 2105 1501 2134 diceret

178 2149 309 2181 Manui.
452 2160 487 2189 17
522 2161 657 2189 gemere
683 2151 797 2181 codd.:
829 2162 965 2189 gemere
993 2162 1058 2181 non
1085 2151 1194 2180 Bake:
1230 2150 1371 2180 reddere
1398 2147 1498 2185 Koch,

179 2203 298 2223 sanare
317 2193 408 2232 Reid,
430 2199 650 2223 contemnere
668 2193 769 2231 Paul,
788 2194 942 2236 (minus)
959 2205 1094 2233 gemere
1113 2194 1262 2232 Koechlv,
1282 2203 1346 2231 qua
1364 2196 1501 2229 accepta

177 2246 355 2275 emergere
371 2237 548 2276 Dryander
690 2239 727 2267 18
753 2238 933 2268 tribunicio
951 2238 1084 2278 scripsi:
1111 2247 1187 2267 -n-p·
1206 2237 1239 2266 P
1253 2237 1315 2266 rell.
1332 2239 1502 2275 praeferto

179 2282 224 2319 (p.
245 2280 286 2315 r.)
304 2291 310 2310 :
347 2290 417 2311 rem
449 2280 524 2319 pub.
557 2280 646 2319 vulg.
663 2292 669 2310 ε
703 2282 749 2310 rei
784 2281 861 2320 pub.
898 2281 1057 2311 Momms.
1073 2293 1078 2312 :
1113 2280 1172 2311 del.
1203 2279 1359 2314 ll’zmdrr,
1385 2276 1496 2307 Madv.

179 2333 222 2353 ρο
245 2323 278 2353 in
298 2323 403 2354 sorum
424 2324 572 2353 inmittas
590 2324 680 2353 Hsbss
771 2335 810 2354 22
837 2324 980 2364 purges]
998 2334 1138 2363 spurces
1150 2323 1281 2353 Manul.
1298 2335 1303 2354 :
1322 2321 1499 2362 perturbes

178 2365 289 2398 Paul:
314 2367 420 2397 sorum
441 2367 528 2396 ferro
547 2378 673 2406 purges
690 2367 809 2397 Prohst
823 2373 904 2398 altri.
927 2367 1147 2406 Hirschfelder

1514 144 1552 180 77
