1774 2782
481 141 591 178 PRO
625 142 664 178 P.
697 141 888 179 SESTIO
920 141 1138 178 ORATIO
1447 149 1470 175 2
1491 155 1507 184 5

148 249 307 287 missum
337 261 422 287 esse
449 249 634 288 videatur.
696 251 746 286 Et
776 249 964 299 quoniam
994 248 1034 286 in
1062 247 1296 298 gravissimis
1325 255 1474 297 tempo-

146 313 251 352 ribus
285 313 450 352 civitatis
484 323 602 363 atque
636 313 674 351 in
711 313 830 352 ruinis
866 326 1021 352 eversae
1052 321 1171 362 atque
1204 312 1385 350 adflictae
1419 312 1473 351 rei

146 378 324 428 publicae
347 381 388 417 P.
411 379 511 417 Sesti
542 379 761 418 tribunatus
789 387 846 417 est
874 392 895 416 a
918 380 1091 416 Fortuna
1120 377 1204 428 ipsa
1232 379 1471 424 conlocatus,

146 457 226 482 non
246 443 449 493 adgrediar
469 445 520 482 ad
548 444 611 482 illa
633 444 800 482 maxima
821 452 939 493 atque
967 443 1207 493 amplissima
1229 442 1332 492 prius
1354 456 1471 492 quam

108 525 124 555 5
145 510 318 547 docuero
334 509 476 558 quibus
498 508 616 546 initiis
637 523 681 547 ac
704 508 970 547 fundamentis
993 509 1089 546 haec
1107 516 1237 546 tantae
1254 507 1416 546 summis
1434 507 1472 545 in

145 574 260 612 rebus
282 575 416 612 laudes
439 573 627 612 excitatae
649 575 734 612 sint.
1493 607 1515 643 3

200 641 364 677 Parente
386 641 426 677 P.
451 639 598 677 Sestius
624 647 738 676 natus
764 646 831 685 cst,
854 638 1014 683 iudices,
1040 637 1211 684 homine,
1235 645 1276 675 ut
1298 637 1471 687 plerique
1492 660 1510 687 6

145 703 387 750 meministis,
404 711 442 742 et
458 703 634 753 sapiente
651 711 689 741 et
706 712 842 741 sancto
860 711 897 740 et
914 716 1049 740 severo
1065 717 1074 749 3
1104 702 1170 752 qui
1187 716 1277 740 cum
1294 702 1472 740 tribunus

145 769 270 819 plebis
291 768 437 818 primus
454 768 554 806 inter
570 768 751 806 homines
773 768 1038 806 nobilissimos
1056 768 1298 817 temporibus
1315 768 1472 817 optimis

88 850 126 872 10
146 835 268 872 factus
301 842 412 881 esset,
446 833 602 884 reliquis
634 834 851 872 honoribus
887 847 967 871 non
1003 841 1082 870 tam
1117 834 1172 870 uti
1202 832 1324 871 voluit
1355 847 1472 882 quam

144 899 285 949 dignus
306 898 438 937 videri.
496 900 555 936 Eo
585 906 744 936 auctore
774 897 883 936 duxit
914 897 1180 935 honestissimi
1207 905 1244 935 et
1274 897 1474 946 spectatis-

144 964 232 1002 simi
253 963 335 1011 viri,
357 964 400 1002 C.
424 963 569 1010 Albini,
594 963 725 1010 filiam,
748 977 794 1000 ex
815 976 892 1012 qua
913 962 976 999 bic
1001 969 1058 1000 est
1079 975 1175 1011 puer
1195 969 1232 999 et
1254 969 1375 1010 nupta
1396 961 1472 999 iam

146 1029 232 1067 filia.
296 1029 463 1067 Duobus
483 1028 717 1079 gravissimis
738 1028 1026 1077 &plenissimis
1046 1026 1288 1076 antiquitatis
1310 1026 1397 1064 viris
1419 1026 1473 1064 sic

144 1094 331 1144 probatus
352 1093 423 1131 fuit
443 1102 485 1131 ut
505 1093 660 1143 utrique
680 1107 817 1132 eorum
839 1101 876 1131 et
897 1106 1008 1130 carus
1031 1092 1198 1130 maxime
1220 1100 1257 1129 et
1279 1091 1472 1130 iucundus

87 1175 124 1207 ¹5
144 1167 256 1197 esset.
315 1158 476 1197 Ademit
498 1157 645 1196 Albino
674 1157 799 1196 soceri
829 1172 976 1196 nomen
1006 1171 1110 1195 mors
1141 1157 1253 1203 filiae,
1284 1157 1352 1194 sed
1382 1157 1473 1194 cari-

144 1232 264 1262 tatem
297 1224 398 1262 illius
432 1223 732 1262 necessitudinis
766 1231 804 1262 et
835 1222 1143 1261 benivolentiam
1182 1236 1262 1259 non
1302 1221 1473 1260 ademit:

144 1289 263 1327 hodie
293 1289 347 1327 sic
377 1290 483 1327 hunc
512 1288 637 1338 diligit
666 1296 709 1326 ut
735 1302 804 1326 vos
834 1288 1018 1326 facillime
1047 1287 1210 1338 potestis
1240 1301 1287 1325 ex
1315 1288 1388 1324 bac
1412 1289 1473 1324 vel

143 1353 381 1392 adsiduitate
400 1353 484 1392 eius
499 1355 560 1392 vel
580 1353 846 1392 sollicitudine
862 1361 900 1391 et
917 1352 1097 1391 molestia
1116 1351 1299 1391 iudicare.
1352 1351 1472 1390 Duxit
1494 1360 1511 1396 7

145 1432 304 1457 uxorem
343 1427 451 1469 patre
483 1418 573 1457 vivo
610 1418 750 1469 optimi
789 1426 827 1456 et
865 1416 1193 1456 calamitosissimi
1230 1417 1301 1455 viri
1340 1416 1470 1463 filiam,

87 1502 126 1524 20
147 1485 189 1522 L.
208 1483 411 1533 Scipionis
461 1485 576 1524 Clara
596 1485 635 1521 in
655 1484 733 1522 hoc
750 1485 791 1521 P.
811 1483 911 1521 Sesti
931 1482 1055 1532 pietas
1071 1482 1216 1521 exstitit
1233 1490 1270 1520 et
1286 1481 1473 1520 omnibus

143 1557 262 1599 grata,
287 1550 395 1599 quod
424 1557 463 1587 et
490 1548 709 1587 Massiliam
738 1548 869 1587 statim
899 1549 1097 1597 profectus
1125 1555 1194 1595 est,
1222 1555 1264 1585 ut
1293 1560 1472 1585 socerum

143 1613 276 1652 videre
296 1613 568 1663 consolarique
594 1621 726 1663 posset
753 1612 938 1651 fluctibus
966 1612 1019 1650 rei
1046 1612 1227 1662 publicae
1254 1613 1470 1661 expulsum,

145 1679 185 1716 in
205 1678 340 1717 alienis
362 1678 469 1717 terris
490 1678 693 1725 iacentem,
713 1691 831 1727 quem
852 1677 891 1715 in
914 1677 1107 1715 maiorum
1128 1690 1287 1715 suorum
1304 1676 1472 1726 vestigiis

145 1752 246 1782 stare
275 1743 491 1793 oportebat,
521 1751 559 1781 et
588 1744 638 1781 ad
668 1756 759 1781 eum
790 1743 909 1780 filiam
939 1742 1022 1780 eius
1051 1741 1226 1787 adduxit,
1254 1749 1297 1779 ut
1326 1741 1389 1779 ille
1418 1740 1472 1778 in-

87 1828 125 1860 25
147 1817 301 1859 sperato
335 1817 495 1858 aspectu
529 1809 818 1858 complexuque
853 1807 884 1845 si
920 1821 1000 1845 non
1035 1820 1196 1845 omnem
1227 1814 1266 1844 at
1299 1805 1470 1855 aliquam

145 1882 294 1925 partem
317 1873 500 1912 maeroris
522 1873 580 1911 sui
596 1874 823 1923 deponeret,
846 1880 884 1911 et
906 1871 1084 1910 maximis
1094 1879 1173 1921 pro
1193 1873 1262 1909 illa
1283 1872 1471 1908 necessila-

189 1988 208 2017 5
233 1978 316 2008 haec
333 1977 384 2007 P:
409 1978 473 2008 hae
491 1977 524 2007 P
537 1988 630 2014 corr.y
653 1976 774 2007 BHGk
910 1986 946 2014 13
978 1976 1114 2005 Duobus
1135 1975 1343 2014 gravissimis
1362 1975 1450 2006 ΡΒΣ
1465 1987 1472 2005 :

147 2021 275 2051 duobus
288 2021 339 2052 his
354 2031 445 2060 grav,
458 2022 478 2051 k
488 2021 544 2052 all.
614 2031 652 2051 ac
666 2020 870 2060 plenissimis
883 2019 988 2059 suppl.
1003 2020 1045 2049 K.
1061 2018 1190 2048 Busche
1204 2019 1255 2057 (cf.
1270 2020 1284 2054 ᾗ
1302 2029 1370 2057 130,
1387 2018 1470 2049 Cael.

149 2068 163 2102 ξ
182 2066 223 2103 63
241 2076 260 2094 a
276 2065 355 2095 viris
368 2065 604 2095 honestissimis
618 2075 655 2094 ac
664 2063 868 2104 plenissimis
878 2063 1062 2103 dzgnitatis)
1077 2073 1083 2092 :
1103 2062 1311 2100 gravissimis
1323 2071 1472 2091 summae

146 2107 355 2147 antiquitatis
388 2106 548 2140 Momms.
569 2120 576 2139 ε
617 2107 821 2146 gravissimis
860 2107 1018 2145 antiquae
1057 2105 1249 2135 severitatis
1281 2104 1472 2134 Eberhard:

146 2151 366 2190 gravissimae
383 2152 487 2190 antiq.
507 2151 594 2189 dett„
615 2151 660 2181 ed.
680 2150 715 2182 V.
767 2150 814 2189 Cf.
838 2150 907 2180 Vat.
931 2153 946 2185 ξ
964 2160 1004 2189 19
1149 2159 1187 2187 14
1211 2153 1246 2178 ut
1265 2159 1328 2178 om.
1346 2148 1408 2178 1³1:
1437 2155 1472 2178 ut

147 2195 280 2233 utrique
304 2205 418 2225 eorum
447 2195 499 2225 G:
532 2195 662 2233 utrique
688 2204 804 2224 eorum
832 2199 865 2224 ut
891 2192 966 2223 1¹³2ss
993 2193 1056 2223 rell.
1226 2201 1264 2230 15
1296 2201 1384 2221 mors
1407 2202 1433 2220 s.
1450 2191 1469 2221 l.

147 2238 256 2278 suppl.
282 2237 327 2267 P2
474 2239 511 2268 18
541 2238 693 2268 Alteram
724 2237 818 2267 duxit
843 2236 1004 2266 Schuetz:
1038 2236 1142 2266 Duxit
1167 2236 1285 2265 iterum
1311 2234 1465 2264 Momms.

147 2291 189 2311 20
218 2281 252 2312 L.
276 2281 446 2320 Scipionis
471 2281 572 2311 filiam
598 2280 706 2311 Sclzol.
811 2281 853 2310 26
879 2290 939 2318 pro
957 2280 1013 2309 illa
1031 2278 1282 2309 necessitudine
1299 2277 1419 2307 studiis
1437 2281 1471 2306 et

147 2325 264 2354 officiis
281 2325 394 2364 scripsi
410 2326 441 2364 (ξ
455 2325 495 2358 6;
519 2323 642 2355 inSen.
662 2325 677 2360 ξ
693 2334 730 2354 21
750 2335 756 2362 ;
782 2324 817 2362 cf.
835 2323 880 2353 Cl.
896 2322 959 2361 Qu.
980 2323 1024 2353 iii.
1047 2322 1126 2359 266)
1144 2332 1150 2351 :
1176 2321 1378 2360 praeteritas
1395 2330 1471 2350 esse

147 2377 184 2397 se
208 2368 272 2398 diis
298 2373 331 2397 et
354 2368 410 2398 off.
436 2367 533 2397 1³le
560 2367 678 2398 officiis
695 2366 748 2406 ΡΞ,
769 2367 875 2397 celcris
898 2366 1018 2405 deletis,
1040 2369 1068 2397 et
1090 2366 1135 2396 sic
1153 2364 1262 2395 ΒΣευῑ
1297 2368 1471 2403 praeterea

149 2411 360 2450 adsiduisque
378 2411 432 2442 oss.
453 2411 611 2442 Alonmzs.
