1774 2782
255 144 308 180 43

249 520 305 541 112

251 1295 309 1325 113

254 1952 312 1982 ¹¹4

333 150 387 170 ιιι
696 136 749 172 M.
782 135 948 171 TVLLI
982 132 1288 173 CICERONIS

329 256 422 281 suae
443 242 687 293 deportavit3
715 242 861 281 etenim
882 241 1067 291 cogitarat
1089 241 1216 279 omnis
1242 241 1459 291 superiores
1482 241 1653 279 muneris

329 309 538 357 splendore
559 321 750 357 superare.
812 309 951 356 Itaque
967 306 1100 344 omnia
1121 306 1239 355 signa,
1265 307 1428 353 tabulas,
1452 320 1654 344 ornamen-

330 380 457 409 torum
478 372 586 421 quod
614 371 802 421 superfuit
828 372 865 408 in
894 371 992 408 fanis
1019 378 1057 408 et
1084 371 1179 409 locis
1204 371 1482 409 communibus
1510 373 1546 409 in
1575 379 1656 410 tota

328 436 491 474 Graecia
510 444 628 486 atque
648 436 783 474 insulis
804 435 987 473 omnibus
1009 435 1167 474 honoris
1189 436 1324 486 populi
1346 436 1517 474 Romani
1540 450 1656 475 causa

329 514 422 539 sane
453 500 649 550 frugaliter
676 502 840 539 domum
869 514 978 538 suam
1011 500 1239 550 deportavit.
1302 503 1341 540 Is
1371 509 1507 551 postea
1537 516 1655 552 quam
1677 515 1694 547 5

330 566 516 605 intellexit
543 580 658 615 posse
683 580 724 604 se
752 566 962 603 interversa
990 565 1188 604 aedilitate
1212 579 1234 604 a
1256 568 1297 603 L.
1323 566 1467 605 Pisone
1494 568 1656 606 consule

329 640 547 682 praetorem
570 630 793 678 renuntiari,
815 630 844 669 si
868 632 989 668 modo
1014 632 1152 668 eadem
1181 630 1305 680 prima
1326 630 1451 669 littera
1471 631 1656 682 competi-

329 705 453 735 torem
475 696 676 735 habuisset
692 696 873 745 aliquem,
892 695 1129 734 aedilitatem
1153 695 1309 734 duobus
1330 695 1370 733 in
1390 696 1497 742 locis,
1516 696 1655 746 partim

330 761 367 799 in
389 776 487 808 arca,
517 762 653 812 partim
681 761 719 799 in
748 761 868 799 hortis
898 761 977 799 suis
1003 760 1246 799 conlocavit:
1278 760 1431 811 signum
1457 762 1507 800 de
1539 762 1656 800 busto

331 826 540 864 meretricis
579 827 752 864 ablatum
793 825 853 864 isti
892 825 1011 872 dedit,
1052 826 1161 875 quod
1200 833 1301 864 esset
1341 825 1494 875 signum
1534 826 1656 876 magis

329 891 491 929 istorum
524 905 642 940 quam
677 891 858 941 publicae
893 890 1091 928 libertatis.
1152 892 1270 928 Hanc
1300 891 1414 929 deam
1446 890 1654 941 quisquam

330 957 473 995 violare
511 957 665 1000 audeat,
707 956 914 1006 imaginem
956 955 1178 1003 meretricis,
1211 964 1487 994 ornamentum
1528 957 1656 1006 sepul-

330 1020 394 1068 cri,
427 1035 450 1058 a
491 1021 573 1059 fure
608 1021 814 1067 sublatam,
851 1035 873 1058 a
913 1020 1099 1069 sacrilego
1133 1022 1414 1059 conlocatam?
1457 1022 1554 1059 haec
1595 1034 1658 1060 me

329 1088 451 1124 domo
473 1100 560 1123 mea
580 1088 726 1136 pellet?
748 1087 845 1123 haec
867 1085 999 1123 victrix
1019 1085 1200 1123 adflictae
1221 1085 1386 1123 civitatis
1408 1085 1460 1124 rei
1477 1086 1658 1136 publicae

330 1151 463 1200 spoliis
486 1151 716 1189 ornabitur?
736 1152 833 1189 haec
848 1150 916 1189 erit
939 1151 976 1188 in
999 1164 1046 1188 eo
1068 1159 1328 1189 monumento
1355 1152 1464 1200 quod
1486 1151 1656 1201 positum

330 1225 387 1254 est
409 1223 450 1254 ut
470 1224 571 1255 esset
594 1216 782 1254 indicium
805 1215 977 1265 oppressi
1011 1222 1169 1253 senatus
1190 1216 1239 1252 ad
1269 1215 1497 1253 memoriam
1521 1216 1659 1266 sempi-

331 1290 462 1319 ternae
485 1280 767 1330 turpitudinis?
800 1282 836 1319 O
854 1282 902 1329 Q.
924 1281 1063 1319 Catule
1081 1282 1347 1329 lupatremne
1361 1281 1554 1330 appellem
1572 1287 1659 1318 ante

331 1360 379 1384 an
416 1346 567 1384 filium?
602 1345 793 1384 recentior
828 1344 931 1383 enim
968 1344 1157 1382 memoria
1189 1344 1241 1382 fili
1277 1352 1334 1382 est
1366 1352 1404 1383 et
1438 1359 1528 1383 cum
1562 1345 1658 1384 meis

332 1412 446 1449 rebus
480 1410 596 1460 gestis
637 1410 1147 1449 coniunctior—tantumne
1186 1418 1224 1449 te
1255 1410 1400 1458 fefellit,
1437 1425 1527 1449 cum
1564 1411 1657 1449 mihi

332 1490 484 1515 summa
506 1484 542 1515 et
564 1476 709 1514 cotidie
727 1476 873 1514 maiora
890 1475 1060 1525 praemia
1077 1475 1114 1513 in
1137 1489 1176 1513 re
1193 1475 1351 1525 publica
1367 1477 1447 1514 sore
1464 1476 1659 1526 putabas?

334 1542 515 1592 Negabas
537 1544 592 1580 sas
614 1556 698 1580 esse
719 1543 799 1580 duo
820 1543 1001 1580 consules
1029 1555 1113 1579 esse
1135 1540 1172 1578 in
1199 1542 1272 1578 hac
1297 1540 1451 1579 civitate
1479 1541 1659 1580 inimicos

332 1607 384 1646 rei
406 1606 608 1657 publicae:
640 1614 729 1644 sunt
752 1606 897 1645 inventi
921 1606 987 1656 qui
1016 1614 1195 1644 senatum
1224 1605 1382 1644 tribuno
1409 1606 1548 1645 furenti
1571 1620 1660 1646 con-

332 1672 506 1710 strictum
530 1673 736 1718 traderent,
761 1671 827 1721 qui
849 1685 918 1721 pro
946 1684 1009 1710 me
1034 1679 1161 1721 patres
1190 1671 1433 1722 conscriptos
1461 1671 1659 1722 deprecari

333 1746 369 1776 et
405 1738 552 1787 populo
591 1736 785 1786 supplices
821 1750 904 1774 esse
939 1736 1076 1774 edictis
1111 1744 1230 1786 atque
1270 1736 1434 1786 imperio
1472 1745 1658 1783 vetarent,

333 1802 476 1852 quibus
498 1801 807 1850 inspectantibus
829 1802 971 1840 domus
994 1815 1081 1839 mea
1102 1801 1393 1848 disturbaretur,
1417 1802 1658 1852 diriperetur,

333 1867 398 1917 qui
434 1866 606 1916 denique
635 1867 835 1905 ambustas
869 1868 1112 1905 fortunarum
1150 1881 1323 1905 mearum
1359 1867 1541 1917 reliquias
1573 1881 1661 1906 suas

333 1934 474 1971 domos
495 1931 728 1981 comportari
753 1931 942 1970 iuberent.
1002 1932 1131 1970 Venio
1160 1946 1265 1970 nunc
1292 1933 1342 1970 ad
1365 1940 1526 1982 patrem.
1584 1935 1658 1980 Tu,

334 2000 381 2046 Q.
407 1997 558 2042 Catule,
586 1998 641 2034 M.
666 1996 774 2034 Fulvi
798 1999 974 2044 domum,
997 2010 1085 2034 cum
1110 1997 1140 2035 is
1162 1996 1285 2035 fratris
1307 1996 1361 2035 tui
1384 2010 1494 2035 socer
1515 1997 1660 2043 fuisset,

335 2069 636 2099 monumentum
678 2069 830 2099 tuarum
872 2061 1144 2099 manubiarum
1186 2076 1270 2100 esse
1300 2061 1467 2109 voluisti,
1499 2069 1540 2100 ut
1580 2062 1662 2100 eius

1684 844 1719 866 10

1681 1165 1717 1198 15

1682 1490 1722 1511 20

335 2125 400 2176 qui
424 2125 641 2175 perniciosa
664 2125 714 2163 rei
738 2125 918 2175 publicae
939 2125 1102 2164 consilia
1123 2128 1290 2176 cepisset
1317 2127 1446 2165 omnis
1474 2126 1664 2165 memoria
1685 2143 1727 2174 30

336 2190 510 2229 funditus
533 2204 577 2228 ex
599 2190 722 2228 oculis
744 2190 950 2228 hominum
972 2204 1017 2228 ac
1036 2191 1234 2229 mentibus
1249 2192 1458 2229 tolleretur.
1520 2193 1612 2229 Hoc
1633 2191 1662 2229 si

379 2304 398 2331 3
416 2293 498 2323 locis
516 2293 574 2323 Hk
589 2304 594 2322 :
608 2304 673 2323 om,
689 2293 755 2324 rell.
816 2294 846 2323 in
866 2293 935 2322 Hb2
951 2305 1034 2324 εοιιι.
1052 2294 1116 2325 rell.
1135 2298 1220 2329 (tota
1232 2304 1250 2323 e
1265 2293 1322 2324 Gr.
1342 2294 1393 2332 bk)
1467 2304 1499 2324 11
1523 2294 1661 2324 istorum

336 2337 490 2366 licentiae
516 2335 697 2366 Markland
719 2336 768 2374 (ςᾸ
791 2338 805 2372 ξ
831 2339 903 2375 13¹)
1000 2348 1036 2366 12
1061 2338 1183 2367 audeat
1200 2338 1244 2367 k:
1268 2338 1390 2367 audeat
1416 2342 1448 2367 et
1465 2337 1514 2366 Ph
1537 2342 1566 2367 et
1583 2337 1660 2377 pler.

341 2390 375 2417 14
401 2381 521 2410 victrix
547 2379 629 2410 Em.
646 2391 651 2410 ς
679 2379 780 2409 ultrix
798 2380 886 2410 codd.
1010 2382 1047 2410 16
1071 2381 1298 2419 sempiternae
1317 2384 1354 2410 ut
1372 2380 1456 2411 GMe
1473 2381 1518 2410 ita
1535 2380 1662 2411 10th:

337 2434 400 2453 -am
426 2423 502 2453 ku
522 2423 572 2463 (cf.
590 2425 605 2459 ξ
625 2423 682 2461 87)
856 2434 892 2462 17
917 2428 995 2453 ante
1012 2435 1052 2453 an
1072 2423 1230 2454 Momms.
1250 2434 1256 2453 z
1294 2435 1336 2453 an
1361 2429 1440 2454 ante
1464 2422 1593 2454 Halm:
1617 2434 1661 2455 an

336 2467 424 2497 codd.
556 2468 597 2495 26
622 2472 697 2496 tuas
716 2467 849 2498 PHGc:
876 2478 952 2497 suas
971 2468 1001 2497 in
1022 2469 1041 2497 k
1057 2479 1061 2497 z
1088 2469 1119 2497 in
1139 2478 1215 2498 suas
1234 2467 1340 2497 Halm
