1774 2782
234 150 276 188 15
300 144 338 184 56
668 141 724 177 M.
758 139 927 176 TVLLI
960 139 1269 178 CICERONIS

297 249 460 287 disserui
483 250 600 298 paulo
621 256 713 286 ante
733 248 960 298 perturbat3
989 247 1104 285 simul
1130 248 1303 286 ostendit
1327 262 1413 287 eam
1435 262 1476 288 se
1496 256 1630 289 tenere

296 316 422 363 legem
451 328 568 363 quam
599 326 684 352 esse
712 315 838 363 legem
865 321 992 363 neget,
1016 321 1064 360 et,
1089 326 1191 362 quae
1216 327 1304 363 pars
1332 314 1555 364 provinciae
1582 315 1630 353 sit

296 378 358 416 cui
381 392 460 417 non
485 378 607 428 possit
630 378 831 426 intercedi,
857 380 958 416 hanc
987 392 1028 416 se
1052 380 1230 426 avellere,
1254 393 1356 429 quae
1380 381 1630 418 defensorem

297 443 451 489 habeat,
485 456 564 481 non
595 451 780 493 tangere;
815 442 930 481 simul
963 450 1001 481 et
1033 443 1129 481 illud
1165 443 1266 490 facit,
1298 451 1351 491 ut,
1387 445 1495 493 quod
1525 443 1578 482 illi
1607 457 1631 482 a

295 510 443 558 populo
472 510 608 547 datum
640 508 699 555 sit,
723 508 763 546 id
793 522 873 546 non
904 508 1033 555 violet,
1067 509 1175 557 quod
1207 516 1365 546 senatus
1395 508 1557 555 dederit,
1589 507 1629 547 id
1650 525 1667 557 5

294 581 451 611 senator
473 581 656 623 properet
678 574 839 611 auferre.
890 574 1002 611 Alter
1018 572 1110 610 belli
1128 572 1268 611 Gallici
1285 574 1475 612 rationem
1497 573 1626 620 habet,

293 638 466 688 fungitur
486 637 616 676 officio
644 637 737 675 boni
764 639 966 685 senatoris,
989 639 1116 687 legem
1145 651 1264 687 quam
1290 651 1371 676 non
1398 645 1519 688 putat,
1541 651 1628 676 earn

294 717 453 753 quoque
471 710 595 740 servat
612 717 620 749 3
651 704 831 752 praefinit
849 702 953 740 enim
976 701 1193 740 successori
1210 702 1328 741 diem.
1381 703 1628 752 Quamquam

295 767 388 805 mihi
409 768 504 805 nihil
522 767 675 805 videtur
695 766 861 805 alienius
881 780 903 805 a
924 766 1116 817 dignitate
1131 768 1420 817 disciplinaque
1437 767 1628 806 maiorum

293 846 411 882 quam
440 839 489 879 ut,
514 832 581 882 qui
606 833 745 869 consul
773 832 966 870 Kalendis
997 831 1190 870 Ianuariis
1215 833 1361 871 habere
1386 832 1627 882 provinciam
1651 846 1689 869 10

292 898 422 944 debet,
448 899 477 935 is
499 905 540 935 ut
562 910 649 935 eam
671 898 912 946 desponsam
937 911 1019 935 non
1048 898 1248 936 decretam
1271 897 1416 935 habere
1437 898 1624 936 videatur.

231 972 269 1006 37
295 961 427 1001 Fuerit
449 969 532 1000 toto
555 961 593 998 in
615 963 822 999 consulatu
845 961 929 1000 sine
947 961 1147 1012 provincia
1169 961 1231 999 cui
1252 961 1376 1009 fuerit,
1395 969 1487 1000 ante
1508 975 1626 1012 quam

292 1026 518 1077 designatus
541 1034 609 1072 cst,
634 1028 792 1064 decreta
813 1026 1027 1076 provincia.
1087 1026 1278 1065 Sortietur
1298 1040 1348 1064 an
1369 1028 1481 1064 non?
1523 1028 1626 1064 Nam

292 1099 329 1130 et
350 1105 431 1130 non
454 1091 578 1130 sortiri
599 1091 816 1129 absurdum
839 1099 907 1138 est,
928 1100 965 1130 et
987 1092 1097 1141 quod
1119 1090 1276 1130 sortitus
1298 1090 1348 1129 sis
1366 1104 1446 1129 non
1469 1091 1624 1129 habere.

292 1156 565 1195 Proficiscetur
592 1157 832 1206 paludatus?
886 1158 1011 1205 Quo?
1041 1170 1121 1206 quo
1142 1157 1345 1206 pervenire
1364 1164 1457 1195 ante
1479 1164 1624 1195 certam
1648 1171 1684 1204 15

291 1222 395 1260 diem
436 1235 517 1259 non
553 1221 698 1259 licebit.
760 1221 953 1269 Ianuario,
998 1221 1212 1260 Februario
1259 1222 1501 1271 provinciam
1544 1234 1625 1259 non

291 1286 451 1325 habebit
470 1301 476 1323 :
509 1286 702 1324 Kalendis
724 1286 757 1324 ei
781 1286 954 1336 denique
977 1286 1131 1325 Martiis
1157 1293 1339 1324 nascetur
1360 1293 1522 1336 repente
1540 1299 1625 1335 pro-

227 1361 265 1397 58
290 1351 425 1389 vincia.
486 1352 544 1388 Ac
566 1358 698 1388 tamen
715 1350 774 1388 his
792 1350 995 1389 sententiis
1024 1351 1116 1389 Piso
1141 1351 1180 1388 in
1203 1350 1404 1400 provincia
1424 1363 1624 1400 permane-

288 1415 355 1453 bit.
417 1416 531 1463 Quae
552 1428 641 1452 cum
662 1414 792 1464 gravia
809 1423 899 1452 sunt
916 1421 996 1452 tum
1018 1415 1114 1452 nihil
1135 1415 1287 1465 gravius
1305 1415 1382 1462 illo,
1398 1416 1507 1465 quod
1529 1417 1625 1453 mul-

288 1479 358 1518 tari
399 1479 675 1530 imperatorem
716 1479 991 1518 deminutione
1030 1479 1255 1529 provinciae
1290 1479 1622 1518 contumeliosum
1645 1495 1683 1518 20

287 1554 355 1591 est,
394 1559 523 1595 neque
559 1547 686 1583 solum
722 1558 878 1583 summo
914 1545 953 1582 in
988 1546 1070 1583 viro
1105 1547 1175 1584 sed
1206 1545 1324 1584 etiam
1360 1545 1549 1584 mediocri
1583 1545 1622 1583 in

289 1610 449 1649 homine
481 1624 530 1648 ne
560 1610 713 1648 accidat
743 1609 1046 1660 providendum.

218 1679 264 1716 16
343 1677 428 1724 Ego
462 1688 529 1713 vos
566 1675 760 1725 intellego,
797 1684 925 1725 patres
959 1675 1183 1725 conscripti,
1221 1676 1366 1714 multos
1402 1674 1621 1714 decrevisse

287 1739 450 1778 eximios
482 1741 651 1778 honores
675 1741 717 1778 (f.
753 1740 911 1778 Caesari
942 1748 980 1778 et
1010 1753 1134 1790 prope
1164 1740 1378 1790 singularis.
1439 1741 1488 1779 Si
1513 1741 1621 1790 quod

285 1806 338 1843 ita
369 1807 528 1843 meritus
560 1813 640 1844 erat
670 1805 777 1855 grati,
810 1805 869 1843 sin
900 1805 1018 1844 etiam
1049 1813 1091 1843 ut
1126 1819 1245 1855 quam
1275 1805 1621 1844 coniunctissimus
1643 1820 1679 1852 ²5

285 1870 375 1908 huic
415 1870 543 1909 ordini
584 1879 696 1917 esset,
736 1870 933 1920 sapientes
973 1883 1018 1908 ac
1054 1870 1176 1909 divini
1210 1870 1346 1908 fuistis.
1407 1870 1620 1908 Neminem

285 1949 474 1984 umquam
507 1943 564 1973 est
595 1935 658 1973 hic
695 1936 793 1974 ordo
829 1937 1058 1985 complexus
1094 1934 1310 1973 honoribus
1346 1941 1383 1973 et
1419 1934 1619 1973 beneficiis

283 1999 361 2038 suis
383 2001 449 2049 qui
473 2001 591 2037 ullam
615 1999 847 2050 dignitatem
876 1999 1213 2049 praestabiliorem
1242 2013 1287 2037 ea
1312 2012 1430 2048 quam
1456 2012 1524 2048 per
1550 2011 1619 2037 vos

283 2072 383 2103 esset
406 2065 572 2113 adeptus
594 2065 748 2114 putarit.
810 2066 942 2102 Nemo
964 2077 1153 2113 umquam
1176 2063 1238 2101 hic
1261 2063 1388 2113 potuit
1411 2076 1496 2102 esse
1515 2064 1619 2113 prin-

329 2175 342 2195 Ι
363 2175 400 2195 se
415 2170 533 2195 tenere
548 2164 663 2196 Madv.
679 2177 684 2196 :
700 2166 829 2196 sentire
843 2165 872 2195 P
888 2164 951 2195 rell.
965 2168 1094 2204 praeter
1107 2164 1259 2196 HGEb&-
1271 2164 1326 2203 (se
1337 2164 1438 2203 scire)
1453 2177 1457 2195 :
1476 2174 1512 2194 se
1531 2165 1617 2195 tueri

282 2209 403 2247 Kays:
435 2219 472 2239 se
496 2209 630 2239 sancire
649 2209 775 2239 Halm:
816 2219 853 2238 se
872 2208 1019 2238 sciscere
1036 2207 1136 2238 Harl.
1156 2209 1237 2237 2681
1259 2221 1264 2237 r
1289 2218 1326 2238 se
1349 2218 1483 2238 servare
1510 2208 1619 2238 Weber

282 2263 300 2282 2
318 2263 417 2292 quam
439 2263 505 2284 om.
525 2252 568 2282 Ρ1
639 2262 658 2290 3
676 2253 761 2282 hanc
776 2251 947 2282 HGEM:
970 2262 1010 2281 an
1028 2250 1062 2280 P
1076 2251 1141 2281 rell.
1159 2263 1164 2280 :
1190 2261 1264 2280 eam
1281 2250 1398 2281 Baiter
1478 2252 1498 2280 6
1516 2251 1617 2282 habet

282 2301 314 2326 et
328 2295 486 2336 Pluygers
579 2297 598 2326 8
623 2296 832 2334 Quamquam
848 2295 978 2334 scripsi:
1002 2304 1088 2333 quae
1105 2293 1149 2324 P2
1167 2294 1232 2324 rell.
1256 2295 1333 2332 (οιιι,
1353 2294 1393 2324 Ρ1
1413 2294 1503 2323 nulla
1520 2294 1614 2325 indic.

281 2339 433 2379 lacunae)
450 2353 456 2371 ς
483 2339 559 2378 Quo
578 2343 615 2370 ut
634 2339 765 2370 Manut.
781 2339 826 2369 ila
843 2338 902 2369 bk:
926 2337 1031 2376 Atqui
1048 2336 1168 2367 Lamb.
1274 2348 1294 2376 9
1319 2338 1461 2367 alienius
1479 2336 1591 2368 Madv.
1609 2348 1616 2367 :

283 2384 391 2413 minus
410 2383 500 2415 codd.
520 2385 551 2423 (§
575 2385 626 2421 19)
644 2383 767 2419 (minus
780 2407 786 2413 .
803 2405 810 2413 .
826 2406 833 2413 .
850 2381 1016 2412 dissidere
1031 2391 1131 2420 quam
1148 2379 1240 2421 ku)
1361 2391 1398 2419 19
1423 2385 1491 2410 tum
1508 2379 1615 2420 suppl.

283 2427 451 2467 Angelius
477 2428 578 2467 (quae
605 2437 677 2455 cum
703 2426 818 2464 gravia
844 2425 909 2455 sint
938 2425 1020 2454 nihil
1036 2423 1084 2455 ed.
1109 2424 1164 2462 V.)
1310 2435 1350 2454 22
1379 2434 1422 2454 ne
1448 2424 1506 2453 Hk
1530 2426 1619 2463 (post

285 2471 435 2509 homine)
457 2482 523 2502 0171.
540 2471 587 2501 P:
606 2470 637 2499 id
653 2480 694 2500 ne
708 2469 820 2501 Muell.
884 2480 924 2506 24
943 2469 1060 2499 honor.
1076 2468 1176 2499 exim.
1192 2467 1269 2498 ku
1317 2467 1352 2499 Si
1364 2467 1470 2508 suppl.
1488 2467 1608 2498 Gruter
