1774 2782
501 144 610 181 PRO
645 145 683 180 P.
717 141 909 180 SESTIO
941 139 1156 179 ORATIO
1448 136 1490 173 18
1511 151 1549 182 4¹

164 260 307 305 portas,
330 260 410 292 erat
431 266 521 291 cum
543 251 732 302 imperio;
761 259 840 289 erat
863 251 901 288 in
920 250 1031 288 Italia
1052 251 1135 288 eius
1151 249 1352 293 exercitus,
1373 248 1492 296 inque

164 332 213 358 eo
240 319 409 357 exercitu
438 318 558 368 ipsius
586 317 731 356 tribuni
760 316 895 366 plebis,
921 314 1067 353 inimici
1094 313 1180 361 mei,
1205 315 1359 352 fratrem
1386 324 1491 362 prae-

164 385 317 423 fecerat.
1511 415 1556 452 19

210 450 324 487 Haec
333 461 424 499 ergo
437 461 527 486 cum
536 447 908 496 viderem—neque
922 445 1027 484 enlm
1037 452 1146 484 erant
1154 445 1491 490 occulta‚—sena-
1510 476 1547 506 42

127 531 144 562 5
165 521 259 561 tum,
284 513 367 551 sine
393 526 473 563 quo
497 512 632 551 civitas
659 520 759 550 stare
786 524 865 549 non
892 517 1034 560 posset,
1066 508 1230 547 omnino
1257 509 1307 546 de
1334 507 1490 545 civitate

165 591 249 617 esse
270 578 493 626 sublatum5
523 578 714 623 consules,
739 575 805 626 qui
833 576 954 614 duces
984 574 1131 624 publici
1159 572 1298 611 consili
1320 585 1404 610 esse
1425 573 1490 610 de-

164 643 311 688 berent,
334 643 542 692 perfecisse
563 649 605 679 ut
632 655 700 691 per
727 641 831 691 ipsos
857 640 1058 690 publicum
1081 638 1288 677 consilium
1312 639 1488 677 funditus

163 708 384 754 tolleretur3
414 720 482 744 eos
503 705 570 756 qui
591 706 801 756 plurimum
832 712 991 756 possent
1016 704 1163 755 opponi
1189 703 1374 742 omnibus
1395 716 1489 741 con-

163 771 336 810 tionibus
352 772 460 818 falso,
480 772 549 809 sed
570 771 822 809 formidolose
843 779 986 816 tamen,
1006 777 1184 808 auctores
1205 771 1254 808 ad
1277 768 1489 819 perniciem

107 857 144 878 10
165 850 317 884 meam3
345 835 552 874 contiones
574 835 707 874 haberi
735 835 880 874 cotidie
908 842 1043 873 contra
1059 848 1147 881 me3
1176 847 1313 872 vocem
1336 846 1406 883 pro
1428 847 1490 871 me

163 916 208 940 ac
230 916 298 952 pro
319 916 358 940 re
379 901 537 952 publica
558 901 757 940 neminem
781 901 933 940 mittere
952 915 961 948 3
991 900 1141 938 intenta
1162 899 1271 949 signa
1291 899 1489 948 legionum

163 966 369 1005 existimari
392 966 609 1005 cervicibus
629 980 675 1005 ac
692 965 806 1005 bonis
822 965 957 1005 vestris
978 966 1086 1012 falso,
1105 965 1173 1002 sed
1191 963 1315 1014 putari
1333 971 1464 1001 tamen
1481 978 1491 1011 3

164 1033 454 1070 coniuratorum
484 1031 618 1082 copias
646 1039 793 1070 veteres
814 1039 851 1069 et
878 1032 1040 1069 effusam
1069 1029 1173 1067 illam
1198 1042 1243 1066 ac
1268 1035 1488 1078 superatam

165 1097 357 1137 Catilinae
383 1097 646 1147 importunam
669 1110 829 1134 manum
852 1109 954 1134 novo
975 1097 1077 1134 duce
1098 1102 1135 1133 et
1163 1094 1358 1144 insperata
1382 1106 1487 1131 com-

108 1181 143 1212 ¹5
166 1162 382 1201 mutatione
399 1175 526 1200 rerum
548 1175 633 1200 esse
654 1170 878 1200 renovatam
899 1162 1061 1199 :—haec
1077 1173 1167 1198 cum
1189 1159 1373 1205 viderem,
1393 1158 1487 1210 quid

163 1241 328 1278 agerem,
351 1227 499 1266 iudices
515 1229 531 1265 ?
578 1227 668 1266 Scio
684 1227 788 1266 enim
806 1234 888 1264 tum
905 1240 985 1264 non
1004 1225 1097 1263 mihi
1114 1232 1283 1263 vestrum
1301 1224 1485 1270 studium,
1508 1234 1548 1264 43

164 1295 234 1332 sed
256 1307 387 1332 meum
409 1307 530 1343 prope
556 1301 686 1332 vestro
714 1293 894 1332 defuisse.
954 1292 1249 1331 Contenderem
1271 1298 1407 1328 contra
1428 1291 1488 1327 tri-

165 1360 316 1397 bunum
347 1357 473 1408 plebis
503 1359 674 1408 privatus
709 1359 857 1396 armis?
914 1356 1111 1394 Vicissent
1146 1355 1348 1405 improbos
1378 1354 1485 1401 boni,

164 1425 282 1462 fortes
303 1422 436 1462 inertis
456 1438 465 1470 3
494 1423 721 1462 interfectus
742 1430 843 1461 esset
865 1422 895 1460 is
917 1421 982 1471 qui
1004 1423 1077 1459 hac
1094 1434 1172 1458 una
1189 1419 1385 1458 medicina
1406 1421 1488 1457 sola

105 1511 144 1532 20
166 1489 292 1539 potuit
312 1503 334 1527 a
355 1490 407 1528 rei
429 1489 611 1539 publicae
632 1496 741 1538 peste
766 1487 920 1537 depelli.
966 1486 1075 1535 Quid
1097 1486 1275 1524 deinde?
1314 1484 1413 1533 Quis
1435 1498 1487 1522 re-

165 1554 270 1604 liqua
290 1556 534 1604 praestaret?
592 1553 666 1592 Cui
694 1552 867 1602 denique
892 1559 973 1589 erat
997 1550 1163 1589 dubium
1195 1549 1289 1599 quin
1315 1549 1378 1587 ille
1400 1563 1486 1587 san-

162 1620 247 1669 guis
272 1619 514 1665 tribunicius,
538 1620 647 1656 nullo
672 1616 896 1667 praesertim
924 1615 1086 1666 publico
1107 1614 1272 1652 consilio
1294 1615 1484 1663 profusus,

163 1687 344 1723 consules
362 1686 507 1722 ultores
524 1691 562 1721 et
578 1684 803 1722 defensores
820 1689 920 1720 esset
937 1680 1139 1719 habiturus
1155 1682 1172 1718 ?
1215 1693 1305 1717 cum
1325 1679 1487 1729 quidam

163 1750 201 1788 in
223 1750 409 1788 contione
430 1749 592 1788 dixisset
612 1756 679 1787 aut
711 1748 804 1786 mihi
827 1748 947 1785 semel
969 1747 1213 1796 pereundum
1235 1752 1301 1783 aut
1323 1745 1382 1783 bis
1403 1759 1487 1784 esse

162 1816 413 1854 vincendum.
472 1815 581 1864 Quid
597 1822 677 1853 erat
694 1814 753 1852 bis
770 1812 952 1851 vincere?
1010 1812 1058 1849 Id
1078 1812 1265 1860 profecto,
1281 1817 1333 1856 ut,
1349 1811 1486 1848 sicum

162 1880 432 1919 amentissimo
467 1881 626 1919 tribuno
660 1878 786 1930 plebis
822 1880 1095 1923 decertassem,
1132 1889 1222 1913 cum
1258 1875 1486 1913 consulibus

162 1947 379 1996 ceterisque
404 1946 486 1985 eius
512 1945 704 1984 ultoribus
727 1944 966 1984 dimicarem.
1031 1943 1115 1990 Ego
1142 1953 1244 1986 verO,
1267 1941 1325 1978 vel
1352 1940 1381 1977 si
1407 1953 1487 1989 per-
1507 1957 1547 1987 44

161 2013 335 2051 eundum
362 2011 496 2049 fuisset
523 2025 568 2048 ac
590 2024 669 2048 non
697 2009 928 2059 accipienda
956 2008 1069 2057 plaga
1095 2004 1189 2042 mihi
1215 2004 1411 2052 sanabilis,
1435 2004 1487 2042 illi

208 2126 219 2145 1
248 2121 336 2146 erat.
356 2140 363 2146 .
380 2141 385 2147 .
403 2115 570 2146 exercitus
588 2114 646 2144 del.
666 2113 842 2144 Orlnmnn.
859 2113 958 2142 eliam
979 2121 1018 2141 eo
1038 2110 1194 2149 Kimmig
1285 2118 1321 2138 12
1339 2119 1377 2138 ac
1392 2109 1488 2139 bonis

161 2170 226 2190 0111.
243 2159 349 2190 Sclzol.
462 2169 497 2197 13
516 2163 705 2197 superatam
721 2156 808 2186 codd.
827 2167 833 2185 :
852 2156 1060 2194 dissupatam
1079 2152 1181 2184 Oaeelli
1199 2151 1251 2188 <de
1263 2152 1339 2192 Leg.
1352 2152 1435 2191 Agr.
1452 2153 1484 2189 ii,

164 2206 178 2239 ξ
197 2203 253 2241 895*
414 2213 448 2241 17
475 2212 527 2232 me
545 2211 649 2240 prope
667 2200 842 2230 Fleckeisen
993 2208 1035 2228 ρο
1062 2198 1137 2236 quis
1157 2196 1281 2234 reliqua
1298 2200 1486 2234 praestaret

163 2245 380 2276 Gulielmius:
405 2245 481 2284 quis
499 2245 624 2283 reliqua
644 2245 713 2273 irae
731 2248 831 2273 staret
852 2242 883 2271 Ρ
902 2241 964 2272 rell.
992 2242 1079 2281 (quis
1107 2240 1320 2278 reliquiarum
1343 2243 1486 2268 restaret

160 2290 194 2318 in
216 2288 248 2319 P
268 2299 358 2319 man.
383 2289 479 2327 rec.):
504 2288 584 2327 quid
610 2287 727 2325 reliqui
757 2290 898 2316 restaret
923 2285 943 2314 k
1101 2294 1137 2313 21
1177 2282 1239 2312 Cui
1269 2282 1485 2312 Gulielmius:

160 2333 248 2371 quod
270 2334 324 2370 (ex
338 2332 432 2371 quoi)
448 2332 498 2362 P:
521 2331 600 2370 quid
618 2330 662 2360 Ρ2
679 2330 743 2360 νιἸΙ.
873 2338 913 2366 23
939 2328 1073 2367 quidam
1092 2326 1199 2356 schol.
1220 2338 1226 2356 τ
1256 2325 1333 2364 quid
1352 2324 1384 2353 Ρ
1399 2324 1461 2356 rell,
1479 2335 1485 2354 ε

160 2376 295 2415 quidem
312 2376 345 2405 in
363 2375 396 2405 Ρ
411 2386 501 2406 man.
523 2386 577 2405 rec.
753 2382 794 2411 25
821 2373 847 2402 si
868 2372 917 2401 l11'c
931 2370 1006 2401 add.
1026 2369 1145 2410 Halm,
1166 2372 1240 2400 aule
1258 2369 1483 2399 decertassem

163 2419 354 2459 Il'esenbrrg
463 2429 502 2458 27
529 2418 579 2448 vel
602 2418 627 2447 si
652 2416 764 2447 Madv.
783 2428 788 2446 :
815 2416 888 2445 veni
909 2414 997 2446 codd.
