1774 2782
278 161 351 198 DE
384 161 711 201 PROVINCIIS
743 162 1165 201 CONSVLARIBVS
1196 161 1412 200 ORATIO
1487 172 1509 198 2
1530 179 1549 208 4

185 272 374 309 dederant
405 273 603 321 praeclaro
633 279 768 310 nostro
799 271 1034 321 imperatori,
1066 279 1107 309 ut
1137 273 1343 310 exhaustas
1368 273 1509 310 domos

184 337 332 386 replere
359 345 529 386 possent,
553 350 622 387 pro
643 346 774 387 empta
796 350 892 387 pace
914 338 1058 375 bellum
1085 337 1198 375 nobis
1221 350 1341 387 prope
1363 337 1506 375 iustum

186 399 408 440 intulerunt.

240 467 325 504 Iam
359 480 451 505 vero
485 466 674 505 exercitus
709 475 841 506 noster
876 467 938 506 ille
973 467 1252 517 superbissimo
1292 467 1435 506 dilectu
1471 476 1508 506 et
1532 479 1548 509 5

145 544 162 574 5
185 532 392 570 durissima
421 533 713 583 conquisitione
742 535 944 571 conlectus
975 533 1103 571 omnis
1134 533 1286 571 interiit.
1360 534 1508 582 Magno
1531 539 1554 575 3

184 598 260 634 hoc
282 598 372 635 dico
393 611 482 635 cum
501 599 659 636 dolore:
686 599 950 636 miserandum
971 598 1006 635 in
1027 599 1188 636 modum
1212 597 1352 635 milites
1373 599 1507 647 populi

185 662 356 700 Romani
393 662 495 712 capti
531 663 658 701 necati
694 663 836 701 deserti
872 662 1047 712 dissipati
1084 670 1185 709 sunt,
1224 662 1371 699 incuria
1406 662 1508 699 same

185 727 322 764 morbo
361 727 540 765 vastitate
573 727 809 777 consumpti,
846 735 902 774 ut,
936 728 1043 777 quod
1083 735 1140 765 est
1180 726 1504 775 indignissimum,

183 792 308 828 scelus
341 790 583 841 imperatoris
615 792 653 829 in
683 793 854 841 patriam
885 793 1169 840 exercitumque
1192 792 1393 840 expiatum
1422 804 1507 829 esse

126 866 163 888 ιο
182 853 368 893 videatur.
429 857 561 905 Atque
586 856 687 893 hanc
716 855 1009 902 Macedoniam,
1037 855 1196 893 domitis
1221 855 1296 892 iam
1325 855 1507 904 gentibus

182 919 358 958 finitimis
385 920 642 970 barbariaque
673 934 909 970 compressa,
937 927 1117 970 pacatam
1152 919 1275 969 ipsam
1309 933 1376 969 per
1404 933 1444 958 se
1469 928 1507 958 ct

181 984 366 1034 quietam,
391 985 497 1023 tenui
519 985 715 1035 praesidio
739 994 858 1035 atque
886 984 1022 1034 exigua
1050 998 1168 1022 manu
1194 984 1309 1022 etiam
1338 984 1420 1022 sine
1442 984 1506 1022 im-

181 1050 289 1099 perio
320 1064 388 1100 per
419 1052 566 1100 legatos
601 1050 763 1088 nomine
792 1050 877 1100 ipso
909 1050 1042 1100 populi
1076 1049 1244 1088 Romani
1279 1050 1509 1097 tuebamur3

182 1129 283 1165 quae
315 1129 421 1153 nunc
451 1116 644 1154 consulari
672 1116 836 1166 imperio
863 1124 981 1165 atque
1009 1115 1178 1154 exercitu
1210 1114 1261 1152 ita
1291 1122 1426 1152 vexata
1450 1122 1507 1151 est

124 1196 160 1226 15
182 1179 244 1218 vix
271 1188 312 1217 ut
337 1194 377 1218 se
405 1181 528 1230 possit
553 1180 739 1218 diuturna
768 1194 865 1230 pace
892 1193 1090 1227 recreare3
1121 1193 1208 1217 cum
1240 1179 1387 1217 interea
1420 1178 1507 1227 quis

181 1252 351 1282 vestrum
383 1246 459 1282 hoc
489 1258 570 1282 non
599 1245 758 1291 audivit,
783 1245 869 1294 quis
900 1245 1062 1294 ignorat,
1096 1245 1276 1281 Achaeos
1309 1243 1506 1293 ingentem

180 1310 388 1358 pecuniam
409 1310 581 1358 pendere
599 1311 640 1346 L.
662 1309 792 1347 Pisoni
811 1309 1033 1358 quotannis,
1052 1309 1215 1358 vectigal
1232 1322 1276 1346 ac
1293 1307 1506 1357 portorium

181 1373 513 1423 Dyrrachinorum
535 1381 660 1410 totum
684 1373 722 1410 in
745 1373 859 1411 huius
882 1373 996 1411 unius
1017 1382 1223 1422 quaestum
1245 1386 1330 1410 esse
1351 1385 1506 1409 conver-

181 1451 278 1486 sum,
303 1439 440 1477 urbem
464 1438 740 1488 Byzantiorum
763 1439 874 1476 vobis
895 1447 1013 1488 atque
1034 1439 1125 1476 huic
1148 1438 1312 1488 imperio
1334 1437 1507 1476 fidelissi<

121 1520 161 1541 20
181 1517 284 1541 mam
315 1503 496 1541 hostilem
528 1503 567 1540 in
598 1504 760 1541 modum
793 1516 878 1541 esse
907 1505 1114 1541 vexatam?
1144 1517 1223 1552 quo
1260 1503 1332 1549 ille,
1370 1510 1508 1552 postea

179 1582 296 1618 quam
315 1569 410 1606 nihil
428 1569 642 1618 exprimere
661 1569 712 1607 ab
735 1569 950 1619 egentibus,
971 1569 1066 1606 nihil
1085 1570 1162 1607 ulla
1178 1569 1212 1606 vi
1235 1582 1255 1606 a
1278 1568 1426 1606 miseris
1447 1582 1507 1607 ex-

177 1642 357 1684 torquere
387 1633 524 1683 potuit,
557 1633 729 1671 cohortis
760 1633 799 1671 in
834 1633 999 1672 hiberna
1032 1633 1162 1681 misit,
1208 1633 1252 1670 iis
1283 1633 1505 1682 praeposuit

177 1712 276 1748 quos
290 1698 439 1748 putavit
455 1699 536 1736 fore
553 1697 872 1747 diligentissimos
887 1698 1071 1736 satellites
1090 1699 1292 1744 scelerum,
1308 1698 1504 1735 ministros

176 1764 435 1814 cupiditatum
459 1778 627 1802 suarum.
688 1765 842 1803 Omitto
864 1765 955 1802 iuris
977 1764 1192 1803 dictionem
1216 1764 1254 1801 in
1278 1764 1396 1802 libera
1417 1764 1504 1801 civi-
1530 1773 1548 1803 6

114 1844 153 1875 ²5
176 1837 255 1867 tate
285 1839 420 1868 contra
445 1831 548 1879 leges
574 1838 812 1880 senatusque
836 1831 1026 1877 consulta,
1050 1829 1181 1868 caedis
1208 1829 1398 1878 relinquo,
1422 1829 1503 1866 libi-

175 1896 289 1932 dines
310 1902 525 1944 praetereo,
545 1909 711 1945 quarum
732 1895 1029 1934 acerbissimum
1051 1903 1173 1932 exstat
1191 1894 1378 1932 indicium
1401 1896 1502 1932 etad

177 1960 369 2009 insignem
397 1961 626 1998 memoriam
649 1960 900 2010 turpitudinis
922 1968 960 1998 et
982 1973 1105 2009 paene
1126 1960 1175 1997 ad
1198 1959 1342 1996 iustum
1366 1958 1501 1996 odium

174 2024 310 2074 imperi
332 2025 463 2071 nostri,
483 2026 590 2074 quod
608 2033 761 2063 constat
778 2025 1040 2063 nobilissimas
1058 2024 1223 2073 virgines
1246 2037 1287 2061 se
1309 2023 1346 2060 in
1363 2031 1502 2072 puteos

173 2089 363 2128 abiecisse
388 2098 425 2127 et
452 2099 576 2129 morte
603 2091 821 2129 voluntaria
847 2090 1103 2128 necessariam
1131 2088 1413 2138 turpitudinem
1437 2090 1499 2126 de-

114 2170 154 2199 30
174 2154 341 2203 pulisse3
372 2168 444 2192 nec
468 2156 564 2193 haec
594 2155 739 2193 idcirco
765 2155 905 2192 omitto
930 2155 1037 2203 quod
1059 2167 1138 2191 non
1160 2152 1386 2202 gravissima
1412 2152 1499 2198 sint,

220 2268 230 2287 1
261 2258 336 2297 imp.
360 2263 462 2288 nostr.
483 2257 560 2288 ku
671 2268 689 2296 5
723 2258 835 2288 interit
860 2256 955 2286 PGE
1051 2266 1071 2293 9
1105 2256 1131 2285 is
1158 2256 1339 2294 imperator
1361 2254 1400 2283 Μ·
1470 2254 1501 2283 in

172 2302 313 2340 patriam
331 2302 586 2340 exercitumque
607 2307 776 2340 expiatum
795 2301 908 2339 scripsi
944 2299 990 2330 Cl.
1016 2300 1080 2338 Qu.
1104 2300 1144 2329 iv.
1171 2300 1242 2337 ¹755*
1262 2310 1268 2328 :
1297 2299 1328 2327 in
1358 2308 1499 2336 poenam

172 2344 339 2375 exercitus
368 2345 554 2383 expetitum
584 2344 672 2375 codd.
698 2348 826 2384 praeter
851 2342 968 2373 HGEc
992 2343 1174 2380 *expetitus
1197 2366 1202 2378 ‚
1230 2352 1258 2370 w
1283 2351 1363 2370 mam
1399 2352 1404 2370 :
1445 2351 1502 2369 cx-

172 2388 298 2426 petisse
334 2386 508 2418 Gulielm:
549 2389 721 2427 expiatum
753 2387 824 2426 (secl
858 2387 889 2415 in
926 2385 1126 2423 exercitum)
1162 2384 1335 2423 lx'appqvm‘
1368 2394 1432 2413 ῖίιιι
1467 2383 1505 2413 de

174 2431 315 2471 Coppelle
338 2430 418 2465 (Pis.
446 2432 558 2471 §85‘):
593 2442 703 2470 poena
731 2431 901 2461 exercitus
927 2429 1096 2468 expiatum
1123 2427 1207 2457 Ii‘ctd
1342 2437 1374 2464 14
1409 2437 1499 2456 cons.

171 2474 312 2515 imperio
329 2473 375 2505 ed.
394 2474 436 2506 R.
454 2486 460 2505 :
493 2475 684 2504 consulario
703 2474 791 2504 PB}
