1774 2782
226 147 254 184 9

212 841 251 871 23

210 1432 248 1462 24

204 1503 248 1529 10

277 152 314 173 22
643 137 699 173 M.
732 135 899 172 TVLLI
933 135 1239 173 CICERONIS

275 247 316 284 L.
338 247 524 284 Lucullus
542 245 618 282 illic
635 246 832 284 adsideret
850 248 856 283 !
898 246 1012 293 Quae
1030 247 1183 284 fuerunt
1206 245 1432 284 inimicitiae
1452 245 1490 283 in
1513 244 1602 283 civi-

272 319 351 349 tate
372 310 566 361 graviores
587 323 706 360 quam
730 312 984 348 Lucullorum
1006 318 1124 360 atque
1138 310 1270 349 Servili
1289 313 1305 349 ?
1334 325 1431 361 quas
1453 311 1492 348 in
1512 310 1602 349 viris

273 376 490 414 fortissimis
504 390 585 415 non
600 378 726 414 solum
742 376 923 414 exstinxit
936 376 989 414 rei
1004 376 1184 426 publicae
1197 376 1603 426 utilitasdignitasque

273 442 457 491 ipsorum,
477 443 546 480 sed
564 443 680 480 etiam
698 443 749 479 ad
766 441 976 479 amicitiam
995 442 1403 491 consuetudinemque
1419 441 1600 480 traduxit.

274 506 415 554 Quid?
464 508 511 555 Q.
541 508 729 545 Metellus
760 508 897 556 Ncpos
928 520 1061 545 nonne
1086 508 1224 544 consul
1252 506 1291 544 in
1316 508 1466 556 templo
1495 507 1599 544 Iovis

274 570 425 620 Optimi
448 571 623 618 Maximi,
647 579 848 621 permotus
876 585 965 609 cum
995 572 1225 609 auctoritate
1250 579 1374 609 vestra
1395 578 1478 609 tum
1500 570 1601 608 illius

274 637 317 673 P.
333 635 466 673 Servili
484 636 703 674 incredibili
720 635 907 684 gravitate
924 635 1094 682 dicendi,
1113 636 1255 674 absens
1274 649 1427 673 mecum
1446 648 1602 673 summo

273 714 344 738 suo
366 701 561 739 beneficio
585 701 699 739 rediit
725 700 763 738 in
793 701 986 750 gratiam?
1044 703 1106 738 An
1129 714 1201 751 ego
1222 715 1381 750 possum
1404 701 1494 738 huic
1516 714 1601 739 esse

274 765 455 804 inimicus
476 768 587 804 cuius
609 766 744 804 litteris
763 768 865 804 fama
887 766 1032 804 nuntiis
1054 767 1301 805 celebrantur
1319 779 1432 805 aures
1453 766 1599 804 cotidie

274 844 383 869 meae
405 831 515 869 novis
538 831 765 869 nominibus
781 831 957 881 gentium
976 833 1179 869 nationum
1198 833 1404 870 locorum?
1452 833 1597 876 Ardeo,

273 896 367 933 mihi
385 896 682 946 credite‚patres
697 896 1019 946 conscripti‚—id
1037 898 1144 946 quod
1160 905 1312 935 vosmet
1332 898 1382 936 de
1400 911 1464 935 me
1474 896 1599 935 existi-

274 962 386 999 matis
408 970 445 1000 ct
467 962 592 1000 facitis
614 962 977 1012 ipsiffiincredibili
1000 963 1174 1012 quodam
1196 975 1329 1000 amore
1350 962 1507 1012 patriae,
1530 963 1597 1011 qui

273 1040 335 1064 me
351 1041 461 1065 amor
482 1036 519 1065 et
541 1027 749 1065 subvenire
771 1028 864 1065 olim
883 1027 1206 1077 impendentibus
1224 1027 1404 1077 periculis
1421 1027 1598 1065 maximis

272 1106 360 1129 cum
385 1092 638 1131 dimicatione
659 1092 796 1142 capitis
818 1101 854 1131 et
876 1107 1038 1140 rursum,
1062 1107 1150 1131 cum
1174 1095 1306 1131 onmia
1326 1094 1402 1131 tela
1423 1094 1599 1142 undique

273 1171 356 1195 csse
378 1158 527 1196 intenta
549 1160 587 1195 in
604 1159 767 1208 patriam
786 1158 970 1205 viderem,
989 1158 1120 1197 subire
1140 1158 1268 1208 coegit
1284 1166 1402 1208 atque
1422 1157 1599 1207 excipere

272 1236 393 1259 unum
417 1237 486 1273 pro
508 1223 706 1261 universis.
759 1224 838 1261 Hic
856 1237 918 1261 me
940 1237 1050 1261 meus
1068 1223 1105 1260 in
1124 1237 1203 1261 rem
1226 1223 1422 1273 publicam
1445 1222 1599 1260 animus

272 1288 456 1337 pristinus
483 1302 528 1326 ac
558 1290 741 1338 perennis
771 1303 860 1327 cum
893 1289 937 1327 C.
970 1290 1138 1328 Caesare
1167 1288 1328 1335 reducit,
1360 1287 1596 1335 reconciliat,

272 1352 434 1390 restituit
458 1352 496 1389 in
518 1353 691 1402 gratiam.

326 1419 445 1466 Quod
479 1419 610 1456 volent
643 1418 817 1468 denique
849 1418 1029 1457 homines
1059 1419 1304 1458 existiment:
1346 1418 1494 1457 nemini
1526 1432 1598 1468 ego

271 1497 429 1533 possum
449 1497 533 1522 esse
548 1484 649 1522 bene
667 1486 829 1522 merenti
849 1485 898 1522 de
913 1498 952 1522 re
969 1484 1125 1534 publica
1143 1498 1221 1522 non
1236 1485 1396 1522 amicus.
1439 1484 1595 1523 Etenim

271 1549 299 1585 si
323 1549 367 1587 iis
389 1550 453 1599 qui
476 1551 573 1588 haec
595 1551 727 1588 onmia
753 1551 911 1587 flamma
935 1564 980 1587 ac
1008 1551 1108 1588 ferro
1133 1552 1264 1589 delere
1288 1552 1493 1588 voluerunt
1515 1563 1595 1588 non

269 1614 491 1653 inimicitias
513 1617 639 1653 solum
662 1617 732 1654 sed
759 1615 874 1653 etiam
901 1616 1047 1654 bellum
1074 1616 1193 1654 indixi
1219 1624 1337 1665 atque
1358 1615 1480 1661 intuli,
1504 1630 1593 1653 cum

269 1679 407 1729 partim
431 1681 525 1718 milii
548 1681 700 1718 illorum
720 1680 937 1728 familiares,
962 1681 1100 1730 partim
1128 1683 1244 1720 etiam
1271 1694 1334 1719 me
1355 1682 1595 1719 defendente

267 1745 404 1794 capitis
432 1746 584 1784 iudiciis
609 1754 738 1784 essent
769 1746 931 1793 liberati,
954 1760 1021 1784 cur
1051 1748 1189 1785 eadem
1221 1760 1279 1785 res
1310 1746 1467 1796 publica
1494 1759 1595 1795 quae

268 1824 331 1848 me
352 1812 390 1848 in
412 1811 560 1849 amicos
583 1812 824 1850 inflammare
841 1811 967 1861 potuit
986 1811 1152 1850 inimicis
1173 1813 1326 1861 placare
1343 1825 1422 1849 non
1444 1810 1595 1860 possit?

268 1877 388 1923 Quod
412 1876 504 1913 mihi
527 1876 661 1915 odium
684 1890 774 1914 cum
794 1879 833 1914 P.
853 1878 996 1915 Clodio
1018 1876 1099 1923 fuit,
1118 1877 1189 1915 nisi
1207 1878 1313 1927 quod
1331 1876 1593 1926 perniciosum

267 1943 412 1991 patriae
434 1941 558 1980 civem
582 1944 663 1980 fore
684 1943 872 1992 putabam
895 1944 961 1992 qui
983 1942 1206 1992 turpissima
1226 1942 1389 1981 libidine
1410 1942 1594 1980 incensus

267 2007 363 2044 duas
385 2020 443 2045 res
465 2008 739 2055 sanctissimas,
764 2008 992 2057 religionem
1018 2017 1054 2046 et
1082 2008 1323 2058 pudicitiam,
1346 2022 1427 2046 uno
1448 2009 1594 2046 scelere

266 2071 478 2110 violasset?
536 2074 643 2110 Num
672 2082 728 2111 est
750 2073 864 2123 igitur
885 2073 1050 2111 dubium
1073 2086 1118 2111 ex
1140 2073 1184 2111 iis
1206 2074 1321 2111 rebus
1344 2087 1440 2122 quas
1461 2074 1492 2110 is
1518 2073 1594 2122 egit

1624 519 1640 550 5

1623 845 1661 867 10

1624 1171 1658 1202 15

1620 1502 1657 1524 20

1617 1827 1653 1858 25

264 2137 422 2187 agitque
454 2139 600 2177 cotidie
636 2139 730 2189 quin
760 2153 831 2189 ego
863 2141 901 2177 in
932 2139 998 2177 illo
1029 2141 1297 2189 oppugnando
1328 2139 1379 2177 rei
1411 2139 1593 2188 publicae
1612 2149 1652 2180 30

264 2202 350 2250 plus
378 2216 495 2252 quam
522 2204 603 2242 otio
632 2217 731 2251 meo,
757 2217 835 2241 non
868 2204 962 2241 nulli
993 2204 1031 2241 in
1063 2206 1203 2243 eodem
1236 2205 1491 2242 defendendo
1521 2217 1592 2241 suo

311 2316 321 2335 1
351 2307 416 2336 illic
429 2308 600 2337 adsideret
617 2307 730 2337 Madv.
749 2320 754 2337 :
773 2307 826 2337 ille
839 2308 1007 2338 desiderat
1021 2309 1083 2346 (-et
1098 2308 1153 2348 6²)
1172 2307 1260 2338 codd.
1270 2308 1351 2347 pler.
1368 2318 1374 2337 τ
1393 2307 1446 2336 ille
1461 2308 1590 2337 viveret

264 2350 454 2389 cAngclizts
471 2362 477 2381 :
502 2351 554 2380 ille
573 2351 745 2381 desineret
762 2351 839 2380 ku
927 2361 946 2389 3
973 2352 1021 2381 rei
1040 2351 1115 2390 pub.
1136 2351 1263 2381 utilitas
1281 2352 1359 2382 coni.
1381 2351 1512 2380 Baiter:
1538 2361 1590 2380 res

265 2393 396 2431 publica
413 2395 463 2424 E:
490 2395 535 2423 rei
562 2395 639 2432 pub.
660 2394 770 2425 Pvell.
904 2396 924 2423 6
956 2394 1010 2424 illa
1034 2394 1194 2433 Pluygers
1335 2405 1376 2433 23
1410 2394 1589 2424 familiares

264 2442 378 2467 essent
395 2439 472 2467 com'.
491 2437 598 2467 Halm
750 2448 788 2476 27
815 2438 1012 2477 reputabam
1032 2437 1178 2478 Kraffert
