1774 2782
180 867 218 890 10

177 1522 217 1543 20

241 157 455 197 ORATIO
477 157 612 196 POST
634 157 899 195 REDITVM
926 157 985 194 IN
1009 157 1227 194 SENATV
1253 157 1469 194 HABITA
1533 157 1560 193 6
1587 171 1624 200 η,

238 270 453 320 productus
477 277 588 315 esset,
613 269 780 319 primum
805 269 1003 318 processit,
1021 283 1098 319 qua
1118 269 1350 308 auctoritate
1364 269 1443 307 vir!
1482 267 1560 306 vini

239 334 366 372 somni
387 334 507 383 stupri
529 335 679 384 plenuS‚
698 335 871 372 madenti
891 348 1019 382 coma,
1033 335 1254 385 composito
1276 335 1428 384 capillo,
1444 334 1563 383 gravi-

239 398 311 436 bus
344 399 478 445 oculis,
513 399 725 437 fluentibus
761 400 921 437 buccis:
964 414 1097 450 pressa
1130 413 1228 438 voce
1263 407 1300 438 et
1333 401 1560 446 temulenta,

238 464 345 512 quod
368 464 404 500 in
428 463 522 501 ciris
544 463 794 502 indemnatos
816 472 918 502 esset
940 465 1270 512 animadversum,
1297 465 1337 503 id
1365 464 1438 503 sibi
1466 464 1561 502 dixit

237 529 360 577 gravis
389 537 525 566 auctor
554 530 899 568 vehementissime
929 530 1146 580 displicere.
1207 530 1287 568 Vbi
1317 530 1433 568 nobis
1464 531 1561 568 haec

237 593 446 631 auctoritas
467 601 545 631 tam
569 594 635 632 diu
658 602 765 632 tanta
786 595 926 633 latuit?
965 609 1032 633 cur
1049 597 1087 633 in
1109 596 1237 634 lustris
1259 603 1295 634 et
1317 595 1561 633 helluationi-

237 659 310 697 bus
331 659 445 697 huius
474 660 719 697 calamistrati
749 660 940 698 saltatoris
968 668 1047 698 tam
1076 662 1216 699 eximia
1238 661 1357 700 virtus
1385 669 1463 699 tam
1493 661 1560 698 diu

237 724 430 762 cessavit?
487 725 591 761 Nam
617 725 681 762 ille
708 725 803 762 alter
831 725 1077 763 Caesoninus
1106 725 1333 764 Calventius
1360 726 1410 764 ab
1430 727 1561 764 adule-

237 789 385 827 scentia
416 797 589 827 versatus
620 796 677 827 est
708 789 747 826 in
777 791 872 837 soro,
908 804 998 828 cum
1031 804 1121 829 eum
1153 799 1304 840 praeter
1338 791 1560 829 simulatam

237 862 512 904 versutamque
547 854 742 892 tristitiam
778 856 885 892 nulla
920 869 980 893 res
1014 857 1322 904 commendaret,
1357 870 1436 894 non
1471 870 1562 894 con-

238 919 378 967 silium,
401 933 483 958 non
504 919 662 958 dicendi
684 920 808 969 copia,
832 934 913 958 non
935 920 989 958 rei
1014 921 1200 968 militaris,
1223 935 1303 959 non
1325 935 1563 971 cognoscen-

237 986 377 1023 dorum
394 985 602 1023 hominum
619 985 804 1032 studium,
821 999 901 1023 non
919 985 1140 1024 liberalitas.
1181 988 1311 1034 Quem
1326 986 1562 1036 praeteriens

237 1063 326 1088 cum
348 1051 539 1088 incultum
562 1050 762 1089 horridum
787 1059 1060 1101 maestumque
1076 1052 1251 1098 vidisses,
1270 1052 1384 1090 etiam
1409 1053 1438 1090 si
1460 1066 1563 1101 agre-

236 1123 336 1154 stem
357 1124 394 1154 ct
416 1117 679 1153 inhumanum
708 1116 959 1164 existimares,
983 1124 1116 1155 tamen
1144 1117 1400 1155 libidinosum
1423 1125 1460 1155 et
1482 1132 1563 1167 per-

198 1193 212 1224 :
236 1181 361 1219 ditum
383 1194 462 1219 non
484 1189 651 1231 putares.
710 1182 813 1220 Cum
835 1183 911 1219 hoc
928 1182 1089 1220 homine
1105 1196 1154 1220 an
1172 1196 1261 1220 cum
1279 1182 1408 1232 stipite
1422 1182 1460 1219 in
1478 1184 1562 1220 soro

237 1246 487 1293 constitisses‚
508 1246 605 1283 nihil
625 1248 804 1284 crederes
825 1246 1011 1285 interesse
1029 1263 1035 1284 :
1067 1247 1150 1285 sine
1164 1261 1292 1295 sensu,
1312 1247 1394 1286 sine
1410 1261 1560 1297 sapore,

236 1312 443 1361 elinguem,
459 1312 625 1357 tardum,
641 1311 903 1350 inhumanum
916 1312 1128 1361 negotium,
1145 1312 1425 1362 Cappadocem
1442 1314 1562 1350 modo

236 1377 444 1427 abreptum
476 1377 527 1414 de
557 1389 673 1426 grege
704 1376 900 1414 venalium
937 1376 1098 1415 diceres.
1160 1379 1274 1415 Idem
1305 1378 1412 1416 domi
1446 1392 1562 1428 quam

237 1441 486 1489 libidinosus,
511 1455 631 1491 quam
661 1440 848 1491 impurus,
879 1455 998 1491 quam
1029 1442 1305 1492 intemperans,
1337 1457 1417 1481 non
1449 1443 1564 1481 ianua

237 1507 402 1557 receptis
436 1507 507 1545 sed
540 1507 808 1556 pseudothyro
843 1507 1075 1545 intromissis
1111 1508 1401 1557 voluptatibus!
1462 1511 1563 1547 Cum

236 1585 327 1610 vero
359 1571 477 1610 etiam
509 1571 645 1609 litteris
677 1574 833 1610 studere
867 1572 1003 1622 incipit
1035 1581 1073 1610 et
1110 1573 1225 1611 belua
1258 1574 1439 1611 immanis
1474 1588 1563 1612 cum

236 1637 438 1674 Graeculis
465 1636 745 1687 philosophari,
767 1645 850 1675 tum
880 1645 937 1676 est
966 1638 1183 1688 Epicureus
1217 1652 1297 1676 non
1328 1641 1484 1688 penitus
1512 1640 1564 1677 illi

236 1702 477 1752 disciplinae,
500 1716 777 1752 quaecumque
801 1710 869 1749 est,
893 1703 1060 1749 deditus,
1085 1705 1155 1742 sed
1185 1712 1322 1753 captus
1343 1718 1424 1742 uno
1445 1706 1564 1743 verbo

235 1769 456 1817 voluptatis.
518 1769 654 1806 Habet
674 1776 805 1806 autem
834 1768 1038 1818 magistros
1059 1782 1140 1806 non
1162 1783 1208 1807 ex
1230 1769 1312 1807 istis
1334 1769 1475 1820 ineptis
1497 1770 1563 1819 qui

201 1845 213 1853 ·
236 1832 319 1870 dies
341 1840 444 1869 totos
466 1834 515 1870 de
537 1832 666 1870 officio
687 1846 732 1870 ac
753 1834 804 1870 de
823 1834 964 1871 virtute
984 1834 1190 1881 disserunt,
1216 1834 1281 1883 qui
1304 1835 1353 1872 ad
1376 1835 1560 1882 laborem,

234 1899 283 1936 ad
305 1897 548 1944 industriam,
571 1899 621 1935 ad
643 1898 814 1946 pericula
835 1911 905 1948 pro
926 1899 1049 1948 patria
1065 1899 1272 1937 subeunda
1293 1901 1560 1946 adhortantur,

234 1965 302 2002 sed
331 1977 397 2001 cos
419 1964 484 2012 qui
507 1963 709 2012 disputent
737 1964 873 2000 horam
902 1965 1049 2001 nullam
1070 1977 1233 2002 vacuam
1257 1966 1457 2014 voluptate
1478 1979 1562 2003 csse

276 2077 295 2105 3
321 2068 434 2097 blaesa
450 2076 531 2096 voce
553 2065 649 2096 Gertz
775 2077 813 2097 10
838 2072 1073 2106 versutamque
1091 2067 1176 2098 PB:
1206 2069 1395 2107 victamque
1413 2079 1463 2098 ce:
1490 2069 1561 2098 irri-

233 2116 366 2150 tamque
384 2109 542 2141 HG'bcs:
566 2110 793 2149 irritatamque
810 2110 830 2139 k
921 2121 988 2140 non
1007 2111 1195 2149 consilium,
1218 2122 1283 2142 non
1303 2112 1435 2142 dicendi
1454 2112 1561 2151 copia,

233 2165 301 2186 non
323 2154 439 2195 scrr'pSi
457 2154 510 2193 (cs.
538 2156 552 2190 ξ
581 2164 618 2192 15
644 2164 710 2183 non
729 2154 868 2184 consilio
893 2165 1003 2193 neque
1021 2155 1227 2193 eloquentia)
1248 2167 1254 2186 ε
1280 2166 1348 2186 non
1375 2155 1561 2185 inconsulta

234 2201 318 2239 (non
334 2208 402 2229 cos,
425 2197 484 2237 Gs)
498 2197 643 2228 studium
658 2208 724 2227 non
744 2198 876 2228 dicendi
890 2199 969 2228 vitia
988 2199 1072 2237 {iura
1084 2199 1134 2237 hs)
1149 2199 1212 2229 PB
1228 2203 1256 2229 rt
1265 2199 1346 2239 pler.
1365 2211 1371 2229 :
1396 2209 1463 2229 non
1482 2198 1561 2228 iuris

234 2242 380 2273 studium
399 2250 468 2271 non
481 2241 611 2271 dicendi
624 2251 689 2271 non
709 2252 761 2271 ee:
783 2252 849 2272 non
861 2243 911 2272 vis
925 2242 1053 2272 consilii
1067 2243 1148 2279 (non
1164 2243 1245 2272 iuris
1260 2243 1370 2272 civilis
1384 2242 1561 2281 prudentia

233 2285 362 2322 Mum.)
383 2295 449 2315 non
463 2285 595 2316 dicendi
614 2286 752 2315 facultas
768 2296 835 2316 non
853 2284 994 2316 scientia
1013 2285 1132 2317 Lamb.
1317 2297 1354 2325 15
1373 2292 1509 2325 putares
1526 2297 1539 2315 ε
1555 2296 1561 2315 :

233 2330 357 2370 putasti
374 2329 496 2359 PBHk
512 2341 518 2359 ε
542 2335 698 2368 putasses
714 2340 730 2358 s
796 2330 912 2368 stipite
930 2328 996 2359 Iste:
1023 2330 1109 2369 stipe
1121 2330 1163 2360 P¹
1180 2343 1187 2362 :
1213 2331 1324 2369 etiope
1336 2330 1401 2360 P2:
1427 2329 1560 2368 ethiope

233 2374 297 2403 Bt:
325 2374 413 2413 stipe
427 2374 480 2403 vel
494 2374 652 2412 aethiope
673 2373 701 2404 G
856 2383 894 2403 21
923 2373 1043 2403 litteris
1061 2373 1126 2405 cod.
1145 2373 1274 2411 Etfurl.
1296 2373 1337 2403 6²
1358 2379 1406 2404 el:
1433 2373 1560 2402 litteras

233 2416 383 2448 PBHffs
421 2418 521 2448 belua
535 2430 548 2447 ε
562 2429 568 2447 :
585 2417 702 2448 veluus
720 2418 810 2448 “corr.
829 2417 966 2459 heluus>
980 2417 1026 2448 P:
1045 2417 1163 2448 beluus
1177 2418 1226 2448 B:
1243 2417 1355 2447 helluo
1369 2419 1404 2447 bs
1419 2429 1425 2447 :
1443 2427 1506 2447 om.
1522 2415 1561 2446 H

234 2472 272 2501 27
299 2464 470 2503 disputant
490 2461 606 2493 Lamh.
627 2463 661 2491 in
675 2473 740 2501 mg.

1590 1196 1622 1225 14
