1774 2782
273 135 297 171 8

271 444 297 480 9

257 777 295 807 23

254 1370 292 1400 24

323 149 358 170 22
689 134 746 170 Μ.
769 134 937 171 TVLLI
978 134 1285 174 CICERONIS

318 241 444 289 rebus,
469 256 548 292 quo
570 243 651 280 iure
672 242 727 280 uti
749 244 879 290 velint,
899 251 982 281 tum
1005 251 1133 282 utrum
1155 244 1266 283 fundi
1287 246 1377 284 sacti
1398 247 1474 284 sint
1494 260 1544 285 an
1565 261 1645 287 non

318 308 590 355 quaerendum
622 320 708 346 esse
738 307 939 356 videatur3
973 310 1024 347 de
1053 317 1184 348 nostra
1215 323 1306 348 vero
1335 324 1375 348 re
1405 311 1573 361 publica,
1596 314 1646 352 de

319 380 452 410 nostro
470 372 645 422 imperio,
662 373 712 411 de
729 373 870 411 nostris
891 374 1015 420 bellis,
1032 375 1081 413 de
1102 374 1273 422 victoria,
1292 377 1342 414 de
1359 378 1481 415 salute
1502 379 1645 416 fundos

318 438 486 485 populos
518 437 596 476 fieri
628 439 848 476 noluerunt.
910 440 1031 488 Atqui
1057 439 1087 477 si
1113 439 1412 489 imperatoribus
1440 443 1592 487 nostris,
1614 442 1645 480 si

318 503 480 549 senatui,
504 504 534 540 si
565 505 713 552 populo
744 505 929 542 Romano
960 518 1039 541 non
1069 505 1200 543 licebit
1225 505 1433 555 propositis
1464 507 1644 556 praemiis
1665 524 1683 555 5

317 566 456 605 elicere
477 580 522 605 ex
544 568 766 606 civitatibus
789 568 985 607 sociorum
1010 577 1128 618 atque
1152 571 1367 608 amicorum
1390 570 1644 609 fortissimum

315 640 434 681 atque
467 632 662 682 optimum
697 646 896 682 quemque
927 634 977 671 ad
1013 634 1219 672 subeunda
1251 648 1321 684 pro
1355 636 1479 674 salute
1513 644 1644 675 nostra

315 698 496 746 pericula,
523 711 675 736 summa
697 700 862 736 utilitate
882 712 927 736 ac
949 700 1120 736 maximo
1145 712 1262 748 saepe
1282 700 1477 749 praesidio
1498 701 1645 751 pericu-

315 763 407 800 losis
436 771 554 812 atque
578 765 724 813 asperis
753 763 996 813 temporibus
1025 765 1238 802 carendum
1267 765 1381 803 nobis
1412 765 1494 804 erit.
1552 768 1641 811 Sed,

315 840 383 876 per
412 829 507 865 (1605
539 829 780 875 immortalis,
807 841 908 877 quae
938 836 995 866 est
1026 830 1097 866 ista
1129 828 1306 876 societas,
1333 842 1434 879 quae
1460 830 1641 878 amicitia,
1667 847 1704 868 10

315 894 423 941 quod
454 894 603 939 foedus,
628 900 669 930 ut
699 901 764 931 aut
795 902 928 931 nostra
958 894 1092 931 civitas
1122 901 1250 931 careat
1281 893 1320 931 in
1350 894 1429 932 suis
1459 895 1641 944 periculis

316 957 551 996 Massiliensi
575 966 875 1007 propugnatore,
892 966 1019 996 careat
1037 958 1246 1005 Gaditano,
1266 966 1394 997 careat
1416 959 1642 1008 Saguntino,

314 1031 390 1070 aut,
425 1024 455 1061 si
491 1025 578 1073 quis
610 1037 656 1061 ex
688 1023 747 1061 his
780 1025 935 1073 populis
971 1023 1017 1061 sit
1050 1032 1204 1062 exortus
1237 1025 1303 1073 qui
1336 1032 1489 1062 nostros
1522 1026 1642 1064 duces

315 1088 457 1126 auxilio
488 1088 642 1135 laboris,
677 1096 921 1127 commeatus
953 1088 1126 1138 periculo
1161 1102 1233 1127 suo
1268 1090 1414 1136 iuverit,
1450 1091 1516 1139 qui
1551 1104 1641 1128 cum

315 1155 427 1192 hoste
449 1163 582 1192 nostro
603 1154 826 1192 comminus
848 1155 885 1191 in
914 1154 998 1192 acie
1024 1167 1141 1204 saepe
1162 1156 1353 1204 pugnarit,
1377 1154 1444 1204 qui
1465 1168 1506 1193 se
1526 1168 1642 1205 saepe
1665 1173 1701 1205 15

314 1220 400 1257 telis
431 1221 615 1266 hostium,
648 1219 714 1269 qui
745 1219 987 1258 dimicationi
1017 1221 1166 1270 capitis,
1199 1221 1265 1269 qui
1296 1219 1411 1258 morti
1441 1220 1638 1267 obiecerit,

314 1286 420 1322 nulla
462 1285 698 1323 condicione
741 1285 856 1323 huius
895 1284 1060 1323 civitatis
1104 1284 1285 1335 praemiis
1328 1285 1445 1323 adfici
1487 1286 1642 1335 possit?

315 1350 472 1388 Etenim
509 1352 547 1388 in
583 1353 772 1400 populum
810 1352 1039 1388 Romanum
1073 1364 1187 1400 grave
1223 1358 1280 1389 est
1316 1364 1394 1389 non
1435 1364 1551 1400 posse
1585 1353 1641 1389 uti

313 1415 428 1453 sociis
459 1415 663 1453 excellenti
694 1415 834 1453 virtute
863 1415 1059 1464 praeditis,
1092 1415 1158 1464 qui
1188 1416 1309 1453 velint
1338 1429 1427 1453 cum
1459 1416 1641 1465 periculis

313 1480 454 1519 nostris
476 1494 545 1518 sua
566 1481 884 1528 communicare;
914 1482 952 1518 in
982 1480 1109 1518 socios
1130 1494 1222 1518 vero
1243 1480 1358 1530 ipsos,
1382 1488 1420 1518 et
1443 1481 1481 1518 in
1503 1494 1569 1519 eos
1591 1483 1641 1519 de
1662 1499 1702 1520 20

312 1546 456 1594 quibus
484 1545 636 1595 agimus
664 1547 894 1592 foederatos,
920 1545 1149 1584 iniuriosum
1172 1554 1209 1584 et
1231 1545 1561 1584 contumeliosum
1582 1554 1640 1585 est

311 1610 356 1648 iis
388 1610 569 1660 praemiis
602 1619 639 1649 et
672 1610 716 1649 iis
749 1611 966 1649 honoribus
999 1612 1176 1649 exclusos
1207 1624 1292 1649 esse
1322 1610 1569 1649 fidelissimos
1601 1618 1639 1649 et

311 1676 655 1715 coniunctissimos
688 1676 815 1715 socios
848 1690 949 1726 quae
981 1685 1140 1726 pateant
1175 1675 1446 1726 stipendiariis,
1481 1684 1640 1726 pateant

311 1742 500 1789 hostibus,
520 1749 679 1791 pateant
701 1755 817 1791 saepe
839 1743 969 1779 servis.
1013 1742 1116 1778 Nam
1139 1740 1411 1790 stipendiarios
1428 1753 1474 1779 ex
1494 1741 1636 1788 Africa,

310 1806 449 1853 Sicilia,
484 1808 672 1854 Sardinia,
699 1808 837 1844 ceteris
868 1806 1078 1855 provinciis
1110 1807 1253 1843 multos
1284 1806 1439 1843 civitate
1469 1806 1637 1844 donatos
1660 1822 1696 1854 25

309 1872 498 1918 videmus,
522 1878 571 1916 et,
593 1873 659 1921 qui
687 1873 820 1909 hostes
848 1872 898 1909 ad
926 1879 1079 1909 nostros
1103 1871 1355 1919 imperatores
1378 1870 1636 1920 perfugissent

309 1944 345 1973 et
368 1948 510 1985 magno
533 1938 618 1973 usui
647 1936 698 1974 rei
728 1936 911 1985 publicae
939 1943 1094 1973 nostrae
1115 1936 1289 1982 fuissent,
1313 1936 1458 1972 scimus
1480 1936 1635 1973 civitate

307 2014 392 2039 esse
413 2002 606 2048 donatos;
637 2014 767 2039 servos
784 2001 966 2050 denique,
987 2013 1153 2050 quorum
1176 2001 1244 2046 ius,
1263 2001 1428 2046 fortuna,
1450 2000 1635 2038 condicio

307 2065 441 2103 infima
462 2074 529 2112 est,
554 2067 655 2104 bene
677 2067 727 2104 de
748 2080 787 2104 re
809 2066 966 2115 publica
993 2066 1151 2103 meritos
1173 2077 1360 2114 persaepe
1381 2065 1569 2113 libertate,
1594 2066 1633 2103 id

307 2139 364 2169 est
385 2132 552 2177 civitate,
575 2131 732 2180 publice
753 2132 890 2169 donari
912 2131 1104 2169 videmus.
1653 2150 1693 2181 30

350 2246 368 2264 2
400 2235 556 2264 videatur
588 2233 676 2265 codd.
710 2234 792 2274 (tum
823 2258 830 2264 .
855 2256 862 2263 .
890 2256 897 2263 .
926 2233 1084 2263 videatur
1112 2243 1177 2263 om.
1207 2231 1303 2271 Hk):
1338 2232 1471 2262 videtur
1502 2230 1642 2271 Rumpf

305 2290 323 2316 4
349 2279 548 2317 Atquisimp.
567 2278 619 2308 P:
644 2288 722 2308 corr.
747 2288 840 2307 man.
865 2287 920 2307 rec.
1032 2278 1052 2306 8
1076 2276 1275 2315 periculosis
1303 2275 1436 2307 Adada:
1469 2275 1631 2314 periculis

306 2321 393 2353 codd.
423 2323 470 2355 (in
496 2322 656 2361 periculis
681 2325 717 2351 ut
745 2320 840 2352 Orell.
866 2321 912 2351 ila
936 2319 1023 2351 Hb&-
1047 2325 1077 2351 et
1102 2331 1169 2359 mg.
1195 2321 1232 2359 Σ)
1369 2330 1405 2358 13
1439 2318 1491 2349 his
1519 2318 1628 2350 ΡΒΣτ

306 2365 370 2395 illis
395 2365 545 2396 HGEbs·
569 2369 598 2395 et
621 2376 687 2405 mg.
719 2368 742 2396 Σ
868 2375 906 2403 14
946 2364 1069 2395 auxilio
1101 2363 1239 2403 laboris]
1274 2363 1414 2394 consilio
1446 2368 1480 2392 et
1514 2362 1627 2392 labore

305 2407 550 2448 Landgraf(de
565 2409 665 2440 Dom.
686 2411 700 2445 §
719 2408 794 2447 1075
848 2408 960 2438 labore
977 2413 1164 2438 commeatu
1182 2407 1300 2438 Lamb.
1320 2419 1325 2437 ε
1350 2407 1520 2437 laboribus
1537 2416 1625 2435 com-

306 2453 467 2482 meatibus
484 2453 631 2493 Krafflrt
719 2463 760 2482 22
784 2452 836 2482 his
854 2451 931 2489 (his)
951 2451 1025 2482 ΣΕΙ)
1118 2462 1158 2489 24
1183 2450 1267 2481 Nam
1285 2450 1374 2481 ΡΒΣ
1390 2462 1398 2482 t
1422 2459 1498 2480 nam
1518 2454 1549 2479 et
1568 2448 1625 2479 Hk·

305 2496 359 2526 all.
457 2508 498 2534 30
523 2497 674 2526 videmus
693 2501 729 2527 ul
745 2497 874 2526 Manui.
893 2496 937 2527 ita
953 2497 993 2526 k:
1018 2495 1214 2525 videbamus
1231 2494 1318 2524 codd.
