1774 2782
276 168 306 194 11

265 603 306 633 30

262 1251 304 1276 12

262 1709 296 1738 31

330 175 368 205 29
441 205 444 207 Δ
700 158 755 193 Μ.
788 157 954 193 TVLLI
989 152 1294 193 CICERONIS

326 266 486 304 distrahi
508 279 573 312 me,
594 279 722 315 neque
745 263 1000 302 intellexerim
1020 262 1162 312 quibus
1184 269 1250 299 aut
1271 270 1313 299 ut
1333 262 1474 312 apertis
1492 262 1658 301 inimicis

325 331 554 368 obsisterem
577 337 642 366 aut
668 337 710 366 ut
733 327 930 366 insidiosis
955 326 1091 365 amicis
1112 340 1192 364 non
1218 327 1427 365 crederem.
1488 327 1658 365 Proinde

325 395 505 433 desinant
525 393 740 442 aliquando
764 406 826 431 me
850 392 974 430 isdem
1002 391 1136 429 inflare
1157 390 1283 429 verbis
1301 406 1308 428 :
1340 394 1348 410 ‘
1364 391 1472 439 Quid
1493 391 1566 428 sibi
1587 391 1658 430 iste

326 461 435 496 vult?
469 458 591 496 nescit
621 465 811 507 quantum
843 456 1074 494 auctoritate
1104 457 1239 502 valeat,
1271 469 1367 505 quas
1398 469 1456 493 res
1485 456 1656 505 gesserit,

325 537 402 573 qua
423 523 612 572 dignitate
634 522 681 560 sit
705 522 933 560 restitutus?
993 523 1073 560 Cur
1095 530 1206 559 ornat
1228 535 1317 559 eum
1340 535 1361 558 a
1381 535 1462 570 quo
1482 522 1658 559 desertus
1679 537 1696 568 5

325 589 432 626 est?⁷
492 589 578 637 Ego
602 600 693 625 vero
722 599 850 635 neque
880 600 943 623 me
972 594 1054 623 tum
1084 588 1282 624 desertum
1311 594 1408 635 puto
1437 587 1507 624 sed
1534 599 1658 635 paene

325 652 514 698 deditum,
553 666 625 690 nec
653 665 753 701 quae
786 651 862 689 sint
898 651 937 688 in
970 651 1033 689 illa
1065 652 1116 689 rei
1151 651 1333 700 publicae
1364 653 1522 689 flamma
1551 660 1659 701 gesta

325 726 460 756 contra
481 732 551 763 me,
573 731 700 766 neque
718 730 796 766 quo
820 717 952 763 modo,
972 730 1100 766 neque
1118 730 1185 766 per
1206 730 1316 766 quos,
1336 716 1655 766 patefaciundum

325 783 420 821 mihi
457 797 541 821 esse
576 782 749 820 arbitror.
810 781 849 819 Si
886 781 980 820 utile
1012 782 1065 820 rei
1098 781 1279 832 publicae
1311 784 1382 820 fuit
1412 782 1564 820 haurire
1594 797 1656 821 me

326 862 447 886 unum
471 861 540 897 pro
566 847 750 886 omnibus
774 847 877 884 illam
904 846 1217 896 indignissimam
1244 848 1517 895 calamitatem,
1539 847 1655 886 etiam
1681 864 1718 884 10

326 914 403 951 hoc
424 913 517 950 utile
543 920 614 958 est,
636 926 801 962 quorum
826 911 865 949 id
887 912 1032 949 scelere
1058 913 1273 949 conflatum
1295 913 1353 959 sit,
1377 926 1439 950 me
1460 915 1657 951 occultare

326 985 364 1016 et
404 986 541 1016 tacere.
603 979 706 1015 Illud
741 991 833 1015 vero
873 984 930 1014 est
968 977 1139 1014 hominis
1179 977 1315 1027 ingrati
1351 986 1488 1024 tacere,
1525 977 1657 1028 itaque

326 1043 584 1081 libentissime
604 1042 842 1092 praedicabo
865 1043 937 1081 Cn.
962 1042 1196 1091 Pompeium
1218 1043 1348 1081 studio
1369 1051 1405 1081 et
1426 1042 1656 1081 auctoritate

325 1122 450 1157 aeque
478 1114 590 1156 alque
618 1122 739 1145 unum
769 1121 968 1157 quemque
993 1115 1175 1154 vestrum,
1207 1108 1359 1157 opibUS,
1386 1108 1652 1154 contentione,

326 1172 522 1222 precibuS,
555 1173 735 1222 periculis
769 1172 943 1221 denique
975 1172 1183 1222 praecipue
1223 1186 1292 1222 pro
1326 1175 1449 1212 salute
1484 1187 1571 1211 mea
1605 1174 1649 1210 la·
1677 1192 1714 1224 15

327 1239 494 1275 borasse.
557 1237 637 1275 Hic
661 1237 747 1283 tuis,
782 1240 824 1275 P.
856 1239 1035 1283 Lentule,
1064 1251 1154 1275 cum
1180 1245 1221 1275 tu
1252 1238 1348 1275 nihil
1371 1238 1478 1276 aliud
1507 1237 1592 1276 dies
1615 1245 1654 1276 et

326 1311 461 1341 noctes
484 1302 555 1340 nisi
581 1304 631 1340 de
654 1304 777 1340 salute
799 1316 886 1339 mea
911 1302 1113 1351 cogitares,
1136 1302 1308 1340 consiliis
1333 1302 1517 1341 omnibus
1542 1302 1655 1341 inter-

326 1368 421 1416 suit,
456 1368 518 1406 hic
550 1367 619 1406 tibi
654 1367 902 1418 gravissimus
936 1376 1074 1405 auctor
1104 1368 1155 1406 ad
1187 1368 1479 1415 instituendam,
1514 1367 1655 1406 fidelis-

325 1433 446 1471 simus
472 1433 601 1471 socius
630 1434 680 1471 ad
705 1435 1025 1483 comparandam,
1055 1432 1286 1471 fortissimus
1312 1433 1467 1471 adiutor
1495 1434 1546 1471 ad
1572 1447 1650 1471 rem

324 1501 602 1549 perficiendam
620 1499 717 1547 fuit3
745 1498 810 1537 hie
832 1498 1046 1548 municipia
1066 1499 1322 1548 coloniasque
1341 1498 1463 1546 adiit;
1492 1498 1555 1536 hic
1579 1500 1651 1536 Ita·
1676 1516 1715 1536 20

323 1564 398 1602 liae
419 1564 537 1602 totius
566 1564 753 1602 auxilium
775 1563 970 1613 cupientis
990 1563 1224 1613 imploravit,
1248 1564 1311 1602 hic
1332 1563 1371 1601 in
1394 1571 1530 1602 senatu
1553 1563 1653 1613 prin-

325 1643 417 1680 ceps
437 1629 653 1668 sententiae
671 1629 740 1667 suit
757 1644 766 1677 ς
805 1629 991 1679 idemque
1012 1643 1103 1666 cum
1123 1631 1347 1666 sententiam
1376 1629 1545 1676 dixisset,
1569 1637 1651 1666 tum

323 1695 439 1733 etiam
457 1709 528 1744 pro
543 1697 667 1733 salute
688 1709 774 1733 mea
791 1697 981 1745 populum
1002 1697 1228 1733 Romanum
1247 1695 1474 1734 obsecravit.
1508 1697 1597 1743 Qua
1614 1709 1652 1733 re

322 1760 435 1798 istam
464 1760 680 1798 orationem
709 1774 786 1809 qua
815 1774 856 1799 es
886 1774 978 1798 usus
1003 1760 1160 1798 omittas
1188 1761 1288 1808 licet,
1316 1768 1405 1811 post
1435 1760 1538 1797 illam
1569 1773 1652 1797 sen-

322 1825 483 1863 tentiam
511 1840 629 1875 quam
655 1826 827 1863 dixeram
858 1827 907 1864 de
935 1840 1094 1864 annona
1122 1826 1355 1876 pontificum
1385 1825 1537 1863 animos
1568 1840 1651 1863 esse
1673 1843 1712 1874 25

321 1898 517 1938 mutatos,
560 1891 725 1941 proinde
760 1891 871 1940 quasi
910 1891 971 1929 isti
1009 1899 1076 1929 aut
1114 1892 1165 1929 de
1205 1893 1276 1931 Cn.
1316 1890 1508 1940 Pompeio
1542 1890 1651 1928 aliter

319 1964 437 2005 atque
458 1969 531 2005 ego
553 1955 732 1994 existimo
753 1956 932 2001 sentiant,
952 1964 1018 1993 aut
1038 1956 1134 2006 quid
1156 1955 1251 1994 mihi
1272 1970 1342 2005 pro
1359 1955 1651 2005 exspectatione

319 2020 452 2070 populi
485 2020 667 2067 Romani,
699 2034 769 2070 pro
801 2022 873 2059 Cn.
903 2021 1067 2070 Pompei
1100 2021 1246 2059 meritis
1276 2035 1366 2070 erga
1396 2035 1469 2065 me,
1502 2034 1573 2069 pro
1598 2034 1651 2058 ra-

320 2084 426 2123 tione
456 2085 530 2122 mei
558 2084 745 2134 temporis
776 2086 1000 2123 faciendum
1023 2085 1136 2123 suerit
1162 2085 1352 2134 ignorent,
1374 2093 1441 2122 aut
1466 2085 1595 2130 etiarn,
1619 2085 1649 2123 si

319 2148 429 2187 cuius
458 2151 555 2187 forte
582 2148 778 2198 pontificis
809 2149 996 2195 animum,
1026 2150 1135 2198 quod
1165 2158 1271 2187 certo
1302 2149 1383 2187 scio
1413 2151 1522 2187 aliter
1552 2164 1647 2195 esse,
1671 2167 1710 2196 30

368 2258 379 2277 1
411 2258 461 2277 me
481 2247 559 2278 add.
578 2246 768 2286 Lalnneyer,
782 2252 859 2287 post
873 2248 935 2278 sim
952 2248 1066 2288 Lange
1154 2259 1172 2278 2
1199 2247 1371 2277 invidiosis
1384 2247 1499 2287 Lange
1587 2258 1605 2286 5
1630 2260 1648 2278 a

321 2291 398 2322 Hk:
414 2302 479 2321 om.
503 2290 567 2320 ΡΒ
581 2291 635 2321 all.
716 2292 735 2320 8
762 2292 1035 2329 patefaciundum
1062 2291 1184 2321 PHG:
1210 2291 1350 2320 -endum
1366 2290 1434 2320 Bkt
1448 2291 1536 2331 vulg.
1611 2302 1644 2329 14

320 2340 420 2373 atque
438 2334 512 2364 add.
535 2334 633 2364 Klotz
651 2344 658 2364 :
680 2339 716 2364 ut
734 2334 781 2365 ed.
805 2334 840 2365 V.
861 2336 911 2375 (ut
929 2346 1037 2374 aeque
1052 2345 1151 2365 unum
1165 2335 1201 2375 le)
1342 2336 1380 2364 16
1406 2334 1502 2364 Publi
1518 2333 1650 2364 PBHel

322 2389 361 2408 22
388 2388 461 2408 curn
476 2388 502 2408 s.
524 2378 542 2408 l.
567 2381 657 2407 velus
682 2388 805 2407 manus
828 2378 860 2408 in
878 2378 919 2408 P.
966 2378 1170 2408 sententiam
1196 2378 1342 2415 (causam
1361 2379 1386 2417 2)
1404 2379 1530 2418 supplet
1544 2377 1590 2409 A.
1611 2377 1644 2407 C.

323 2421 429 2452 Clark.
465 2421 595 2459 Confert
619 2420 729 2451 Rueck
754 2421 837 2453 Sest.
865 2424 880 2458 ξ
909 2431 992 2461 129:
1025 2432 1099 2451 curn
1124 2422 1176 2451 vir
1203 2422 1231 2451 is
1255 2422 1311 2460 qui
1331 2445 1337 2451 .
1361 2446 1366 2451 .
1388 2445 1394 2451 .
1416 2421 1542 2460 patriae
1568 2431 1644 2451 con-

322 2470 475 2495 servatae
493 2465 586 2494 dedit
