1774 2782
221 142 271 179 52

220 483 270 520 53

211 543 269 572 113

207 1298 264 1330 114

297 147 352 168 ιι).
667 133 722 169 Μ.
753 133 920 169 TVLLI
953 132 1259 170 CICERONIS

292 242 480 291 dignitate
511 255 598 280 mea
628 243 832 288 serebatur,
862 255 980 280 nemo
1008 242 1081 279 sibi
1109 255 1182 280 nec
1207 242 1441 280 valetudinis
1469 254 1624 279 excusa-

291 308 439 345 tionem
468 320 541 345 nec
571 306 784 344 senectutis
813 308 904 344 satis
932 306 1074 345 iustam
1104 307 1281 357 putavit,-
1310 320 1429 344 nemo
1456 306 1526 343 fuit
1556 304 1623 355 qui

291 385 332 410 se
360 385 439 410 non
467 385 548 409 rem
579 371 778 422 publicam
806 384 962 410 mecum
984 371 1098 409 simul
1126 384 1308 410 revocare
1338 371 1376 408 in
1404 384 1494 408 suas
1519 370 1622 408 sedis

290 436 550 475 arbitraretur.

344 501 560 539 Videamus
592 515 697 539 nunc
727 501 887 539 comitia
917 501 1223 550 magistratuum.
1284 500 1372 539 Fuit
1399 500 1620 549 conlegium
1642 513 1659 544 5

290 579 414 615 nuper
448 566 712 612 tribunicium,
749 568 789 603 in
823 580 903 615 quo
937 574 1012 604 tres
1048 566 1219 613 minime,
1256 567 1508 604 vehementer
1541 566 1622 602 duo

290 633 498 680 populares
526 632 862 670 existimabantur.
921 632 980 669 Ex
1007 632 1052 669 iis
1074 631 1140 680 qui
1168 633 1373 681 populares
1400 644 1480 668 non
1505 629 1622 667 habe-

290 697 441 743 bantur,
466 696 608 746 quibus
635 696 673 734 in
700 696 765 734 illo
791 710 934 746 genere
961 697 1245 734 conductarum
1273 697 1505 734 contionum
1531 708 1622 732 con-

289 761 452 799 sistendi
480 769 652 811 potestas
681 775 761 799 non
790 770 880 808 erat,
905 762 986 799 duo
1005 775 1028 799 a
1049 762 1196 810 populo
1219 763 1403 798 Romano
1424 767 1620 810 praetores

289 825 405 863 video
420 839 505 864 esse
527 827 648 864 factos
666 841 675 873 ;
704 833 752 873 et,
772 834 964 876 quantum
986 825 1233 864 sermonibus
1250 825 1352 875 vulgi
1374 832 1412 863 et
1432 824 1620 874 suffragiis
1643 837 1681 859 10

288 890 511 940 intellegere
532 891 653 940 potui,
672 905 763 940 prae
785 904 826 929 se
847 892 1017 941 populus
1036 893 1240 929 Romanus
1257 891 1404 928 ferebat
1421 889 1494 927 sibi
1511 889 1620 927 illum

289 955 326 992 in
349 956 547 994 tribunatu
571 956 645 996 Cn.
667 956 818 994 Domiti
840 956 1016 994 animum
1039 964 1286 994 constantem
1307 963 1344 994 et
1365 954 1562 1005 egregium
1582 962 1619 993 et

289 1022 337 1069 Q.
357 1022 527 1059 Anchari
546 1022 665 1060 fidem
682 1035 727 1059 ac
744 1022 1026 1069 fortitudinem,
1046 1024 1162 1060 etiam
1180 1021 1211 1059 si
1228 1021 1322 1059 nihil
1344 1034 1456 1070 agere
1476 1019 1622 1070 potuis-

288 1094 384 1133 sent,
403 1094 535 1125 tamen
551 1088 753 1125 voluntate
774 1087 858 1137 ipsa
878 1096 1030 1137 gratum
1052 1087 1182 1125 fuisse.
1230 1088 1314 1124 Iam
1335 1087 1385 1124 de
1403 1086 1446 1125 C.
1468 1085 1620 1124 Fannio

288 1164 388 1200 quae
405 1153 452 1189 sit
468 1152 703 1190 existimatio
720 1152 899 1190 videmus
917 1169 923 1191 :
954 1153 1062 1202 quod
1085 1152 1273 1190 iudicium
1296 1151 1429 1201 populi
1447 1151 1619 1189 Romani
1642 1166 1677 1197 15

287 1215 326 1253 in
356 1216 571 1255 honoribus
603 1217 684 1255 eius
710 1219 882 1255 futurum
914 1217 972 1263 sit,
1000 1216 1148 1255 nemini
1179 1216 1344 1255 dubium
1375 1229 1460 1254 esse
1486 1216 1616 1253 debet.

288 1281 426 1329 Quid?
466 1284 672 1332 populares
699 1283 751 1320 illi
780 1284 861 1321 duo
881 1282 978 1333 quid
1003 1284 1195 1332 egerunt?
1251 1283 1370 1328 Alter,
1395 1281 1462 1330 qui
1487 1288 1619 1319 tamen

286 1359 327 1384 se
353 1346 610 1394 continuerat,
635 1350 773 1386 tulerat
801 1348 908 1395 nihil,
940 1355 1111 1386 senserat
1138 1355 1291 1385 tantum
1318 1347 1368 1384 de
1395 1360 1435 1384 re
1461 1345 1620 1395 publica

285 1411 390 1449 aliud
411 1420 529 1462 atque
550 1413 731 1451 homines
759 1413 1049 1463 exspectabant,
1074 1414 1129 1450 vir
1149 1420 1186 1451 et
1208 1413 1336 1450 bonus
1361 1419 1399 1450 et
1426 1412 1618 1449 innocens

285 1483 323 1514 et
358 1477 471 1514 bonis
501 1479 589 1516 viris
623 1492 776 1528 semper
810 1479 1011 1529 probatus,
1041 1479 1149 1528 quod
1181 1491 1317 1527 parum
1347 1476 1529 1515 videlicet
1564 1476 1618 1513 in-
1640 1491 1679 1512 20

284 1541 430 1579 tellexit
461 1543 499 1579 in
530 1542 728 1581 tribunatu
756 1545 852 1594 quid
880 1558 971 1582 vero
1002 1545 1150 1593 populo
1179 1544 1418 1593 probaretur,
1446 1549 1484 1580 et
1509 1542 1617 1591 quod

284 1606 393 1643 illum
417 1621 500 1645 esse
522 1611 712 1658 populum
737 1611 962 1647 Romanum
987 1609 1053 1659 qui
1081 1609 1121 1646 in
1145 1610 1331 1647 contione
1358 1615 1437 1646 erat
1461 1607 1618 1645 arbitra-

284 1671 408 1719 batur,
435 1686 515 1711 non
546 1674 671 1712 tenuit
702 1689 793 1713 eum
823 1677 955 1713 locum
986 1676 1025 1713 in
1047 1688 1176 1725 quem,
1203 1674 1277 1712 nisi
1307 1674 1503 1724 popularis
1532 1685 1617 1710 esse

284 1737 483 1785 voluisset,
504 1740 687 1778 facillime
708 1741 961 1789 pervenisset.
1012 1741 1132 1787 Alter,
1155 1740 1223 1790 qui
1244 1741 1296 1778 ita
1317 1752 1357 1778 se
1378 1740 1418 1776 in
1438 1735 1616 1788 populari

283 1802 432 1841 ratione
462 1804 618 1842 iactarat
648 1813 690 1843 ut
718 1805 903 1855 auspicia,
928 1807 1054 1855 legem
1075 1806 1240 1853 Aeliam,
1268 1813 1424 1843 senatus
1453 1801 1616 1841 auctori·
1638 1816 1676 1848 25

283 1875 415 1914 tatem,
438 1870 651 1916 consulem,
671 1871 865 1920 conlegas,
890 1871 1086 1909 bonorum
1108 1871 1297 1909 iudicium
1319 1869 1428 1908 nihili
1449 1875 1614 1919 putaret,

282 1932 521 1972 aedilitatem
542 1935 677 1984 petivit
705 1949 796 1974 cum
818 1936 934 1974 bonis
954 1936 1044 1974 viris
1072 1944 1110 1974 et
1138 1936 1365 1974 hominibus
1385 1934 1519 1985 primis
1546 1934 1616 1971 sed

283 2010 363 2034 non
384 2000 725 2046 praestantissimis
741 2001 885 2050 opibus
900 2009 939 2039 et
955 2003 1075 2051 gratia
1092 2017 1098 2039 :
1130 2001 1274 2039 tribum
1292 2014 1401 2038 suam
1419 2012 1499 2037 non
1516 1999 1613 2044 tulit,

284 2063 500 2100 Palatinam
523 2064 706 2114 denique,
729 2079 797 2115 per
818 2080 937 2116 quam
959 2079 1098 2104 omnes
1119 2065 1206 2104 illae
1227 2073 1355 2118 pestes
1375 2076 1514 2103 vexare
1534 2076 1615 2100 rem

328 2177 346 2196 2
372 2166 490 2197 iustam
517 2173 552 2198 ut
577 2167 666 2198 illam
690 2170 819 2208 putavit
843 2169 905 2200 PG
928 2170 986 2200 sed
1005 2171 1039 2199 in
1064 2169 1097 2199 P
1118 2174 1153 2200 ut
1179 2169 1228 2209 (=
1247 2169 1313 2208 vel)
1339 2168 1425 2199 illam
1447 2170 1612 2207 expuam:

285 2210 404 2240 iustam
422 2210 522 2240 ullam
541 2216 610 2251 put.
628 2211 738 2242 Halm
754 2225 760 2243 ι
786 2213 906 2243 iustam
924 2219 993 2252 put.
1013 2213 1070 2243 ΒΣ
1090 2213 1152 2244 rell.
1291 2222 1310 2251 5
1335 2213 1506 2242 videamus
1522 2210 1614 2239 Ncm—

279 2254 392 2292 gem'ns
410 2254 479 2294 (2):
498 2255 653 2285 videmus
666 2255 754 2286 codd.
837 2258 858 2286 6
875 2257 941 2286 duo
955 2257 1177 2286 vehementer
1192 2256 1220 2286 G
1233 2255 1339 2286 Sclzol.
1425 2265 1462 2293 14
1483 2258 1613 2292 gratam

285 2295 417 2327 Manat.
516 2308 552 2336 17
579 2299 658 2337 quid
676 2309 753 2338 pop.
773 2299 820 2329 illi
839 2301 915 2339 duo,
935 2300 1015 2338 quid
1033 2301 1195 2337 egerunt?
1220 2297 1389 2328 Eberhard
1403 2300 1452 2337 (ἐξ
1468 2306 1518 2335 75,
1538 2296 1612 2335 122)

285 2341 326 2368 26
350 2341 443 2370 nihili
461 2341 635 2372 Hotoman
652 2354 658 2372 z
683 2342 766 2372 nihil
782 2342 869 2374 codd.
963 2353 1005 2382 29
1030 2347 1146 2382 pestes
1163 2352 1263 2381 posse
1281 2352 1404 2372 vexare
1417 2341 1592 2371 Lehmann
1607 2349 1613 2368 2

286 2388 370 2422 pest.
389 2385 532 2414 maxime
546 2396 621 2416 vex.
637 2385 681 2416 K.
694 2385 822 2416 Busche
911 2397 981 2417 rem
997 2386 1075 2425 pub.
1091 2385 1268 2416 Garatoni:
1294 2386 1452 2424 populum
1469 2394 1513 2413 -R·
1525 2381 1612 2412 codd.
