1774 2782
248 153 302 189 29
321 147 360 184 63
683 140 740 175 M.
772 139 938 174 TVLLI
971 137 1277 176 CICERONIS

249 1076 299 1111 30

258 1128 298 1165 (ιι

318 248 488 295 videbat,
516 247 703 297 quoniam
734 246 797 284 illa
821 246 860 284 in
890 259 929 284 re
956 245 1115 294 publica
1141 248 1296 284 macula
1320 246 1428 296 regni
1455 247 1645 297 publicati

319 320 502 359 maneret,
527 326 643 361 quam
666 325 784 349 nemo
806 311 882 349 iam
908 319 1039 360 posset
1059 312 1199 356 eluere,
1224 311 1331 360 quod
1354 324 1399 348 ex
1419 311 1530 349 malis
1550 312 1645 350 boni

319 387 450 429 posset
472 379 510 416 in
532 392 612 415 rem
635 377 833 427 publicam
851 377 1063 427 pervenire,
1083 379 1123 415 id
1143 378 1276 416 utilius
1297 392 1383 417 esse
1404 393 1473 429 per
1493 393 1534 418 se
1555 394 1646 418 con-

319 444 461 482 servari
493 457 611 493 quam
643 457 711 493 per
740 444 836 481 alios
865 444 1059 492 dissipari.
1119 446 1251 492 Atque
1280 443 1342 481 ille
1369 445 1486 482 etiam
1515 444 1545 482 si
1571 445 1647 483 alia

319 509 502 558 quapiam
527 508 562 546 vi
591 510 847 558 expelleretur
872 507 945 545 illis
973 508 1217 557 temporibus
1242 522 1288 545 ex
1309 509 1382 546 hac
1403 510 1510 556 urbe,
1534 510 1645 549 facile

318 582 522 624 pateretur.
583 573 741 611 Etenim
763 572 829 622 qui
851 573 1049 622 superiore
1065 586 1170 611 anno
1192 581 1329 611 senatu
1350 574 1546 621 caruisset,
1566 589 1645 625 quo

319 639 348 676 si
370 646 453 677 tum
475 640 623 676 veniret
645 652 708 676 me
735 645 868 676 tamen
894 637 1045 675 socium
1074 652 1233 675 suorum
1256 637 1295 675 in
1317 652 1356 676 re
1377 639 1536 688 publica
1556 654 1646 678 con-

319 705 492 740 siliorum
520 702 652 740 videre
680 710 823 752 posset,
847 702 877 740 is
901 716 1030 752 aequo
1057 703 1191 740 animo
1221 710 1314 750 tum,
1338 717 1401 741 me
1425 706 1587 753 expulso
1607 713 1646 743 et

319 782 408 805 meo
437 767 598 805 nomine
623 781 712 804 cum
740 769 922 805 universo
953 775 1089 806 senatu
1119 775 1202 805 tum
1234 770 1428 806 sententia
1458 782 1527 807 sua
1556 784 1646 807 con-

319 834 513 878 demnata,
542 833 581 869 in
606 833 678 869 hac
704 832 800 870 urbe
832 846 917 870 esse
949 835 1112 881 posset?
1170 833 1241 870 Ille
1271 846 1363 870 vero
1393 833 1521 872 eidem
1552 842 1646 872 tem—

318 898 400 947 pori
436 897 498 935 cui
534 911 621 940 nos,
655 897 832 935 eiusdem
868 896 996 944 furori,
1035 897 1183 935 eisdem
1219 899 1459 945 consulibus,
1496 899 1645 938 eisdem

320 963 434 1001 minis
482 962 632 1001 insidiis
683 963 863 1012 periculis
914 962 1040 1000 cessit.
1115 964 1285 1000 Luctum
1329 976 1401 1001 nos
1446 964 1646 1002 hausimus

319 1030 519 1075 maiorem,
550 1030 727 1066 dolorem
758 1027 821 1065 ille
850 1027 970 1065 animi
1001 1041 1081 1065 non
1114 1027 1316 1066 minorem.

374 1094 450 1131 His
472 1095 521 1132 de
543 1101 599 1131 tot
621 1092 818 1142 tantisque
841 1092 987 1130 iniuriis
1009 1092 1047 1129 in
1065 1092 1203 1140 socios,
1223 1092 1260 1130 in
1279 1107 1397 1143 reges,
1417 1093 1455 1131 in
1473 1094 1646 1133 civitates

319 1160 459 1198 iiberas
485 1160 691 1197 consulum
719 1160 877 1208 querela
905 1172 989 1196 esse
1017 1158 1178 1196 debuit:
1225 1158 1264 1196 in
1290 1159 1373 1197 eius
1401 1160 1646 1210 magistratus

319 1227 440 1263 tutela
462 1238 570 1274 reges
586 1233 704 1274 atque
722 1231 874 1262 exterae
890 1223 1071 1261 nationes
1089 1237 1242 1273 semper
1258 1225 1424 1262 fuerunt.
1486 1227 1647 1275 Ecquae

319 1305 393 1329 vox
414 1304 601 1340 umquam
625 1298 681 1328 est
702 1289 836 1327 audita
857 1291 1062 1327 consulum
1081 1291 1097 1327 ?
1154 1292 1408 1339 Quamquam
1433 1291 1520 1340 quis
1541 1291 1648 1329 audi-

321 1365 386 1403 ret,
411 1356 441 1393 si
464 1356 631 1393 maxime
656 1354 764 1404 queri
792 1356 966 1392 vellent?
1026 1356 1087 1392 De
1113 1354 1258 1403 Cyprio
1284 1369 1372 1404 rege
1393 1364 1648 1404 quererentur

322 1421 386 1470 qui
416 1435 478 1458 me
503 1420 640 1467 civem,
664 1421 772 1457 nullo
800 1432 890 1457 meo
915 1418 1088 1465 crimine,
1110 1419 1257 1468 patriae
1282 1419 1443 1458 nomine
1471 1421 1648 1458 laboran-

321 1494 412 1532 tem,
434 1499 515 1523 non
538 1486 659 1522 modo
684 1491 852 1522 stantem
883 1497 962 1521 non
990 1485 1252 1522 defenderunt
1279 1486 1348 1522 sed
1375 1498 1425 1523 ne
1453 1485 1645 1524 iacentem

321 1551 481 1600 quidem
511 1552 794 1599 protexerunt?
852 1549 1068 1596 Cesseram,
1099 1549 1130 1587 si
1156 1551 1325 1588 alienam
1350 1563 1372 1588 a
1399 1564 1462 1588 me
1489 1551 1647 1601 plebem

323 1618 439 1654 fuisse
468 1617 593 1662 vultis,
625 1628 725 1664 quae
753 1628 832 1653 non
862 1614 944 1661 fuit,
968 1614 1164 1661 invidiae3
1193 1614 1224 1652 si
1250 1617 1488 1653 commoveri
1516 1616 1649 1654 onmia

322 1681 566 1726 videbantur,
590 1681 755 1729 tempori
774 1694 783 1726 3
813 1680 841 1716 si
864 1679 920 1717 vis
938 1679 1106 1726 suberat,
1125 1681 1241 1717 armis
1258 1695 1267 1728 3
1300 1680 1330 1717 si
1348 1679 1516 1718 societas
1533 1681 1649 1730 magi-

289 1769 301 1791 ι,
323 1754 523 1791 stratuum,
543 1744 714 1795 pactioni
734 1759 744 1791 3
774 1744 803 1781 si
826 1744 1040 1793 periculum
1063 1744 1219 1791 civium,
1242 1744 1297 1782 rei
1318 1745 1510 1794 publicae.
1555 1746 1646 1791 Cur,

322 1825 412 1849 cum
441 1811 491 1848 de
516 1809 643 1859 capite
672 1808 902 1847 civis—non
928 1810 1087 1858 disputo
1118 1809 1228 1847 cuius
1250 1809 1358 1847 modi
1384 1809 1571 1848 civis—et
1598 1811 1648 1849 de

321 1876 436 1914 bonis
450 1874 681 1925 proscriptio
697 1875 868 1920 ferretur,
881 1887 970 1911 cum
986 1882 1023 1912 et
1041 1875 1199 1912 sacratis
1213 1874 1364 1923 legibus
1382 1881 1420 1912 et
1435 1874 1648 1912 duodecim

322 1941 464 1980 tabulis
491 1948 670 1979 sanctum
696 1946 797 1977 esset
821 1947 863 1977 ut
892 1953 940 1977 ne
967 1939 1030 1976 cui
1058 1938 1302 1989 privilegium
1328 1938 1493 1989 inrogari
1517 1941 1650 1977 liceret

323 2021 420 2045 neve
441 2007 490 2044 de
515 2005 642 2054 capite
669 2004 742 2042 nisi
767 2004 935 2042 comitiis
961 2004 1185 2042 centuriatis
1210 2004 1343 2054 rogari,
1367 2006 1474 2042 nulla
1498 2018 1572 2042 vox
1592 2012 1650 2043 est

321 2071 454 2109 audita
475 2071 691 2115 consulum,
717 2069 1056 2118 constitutumque
1081 2077 1139 2107 est
1163 2069 1231 2107 illo
1255 2083 1371 2116 anno,
1396 2076 1588 2119 quantum
1609 2068 1649 2106 in

366 2185 385 2211 4
410 2173 564 2212 dissipari
589 2173 639 2202 ln'c
657 2173 765 2212 suppl.
790 2177 871 2203 auct.
898 2172 1032 2212 Zumpt.
1055 2172 1251 2213 W'esenbeag
1272 2173 1363 2212 prob.
1388 2172 1551 2211 Zielinsk„
1573 2173 1646 2203 aba·

322 2217 440 2248 lienari
454 2217 497 2247 K.
513 2217 660 2246 Busche:
684 2217 841 2246 lacunam
854 2217 990 2255 primus
1005 2216 1190 2256 suspicatus
1206 2221 1250 2246 est
1265 2215 1452 2255 Mamilius,
1471 2217 1529 2256 qui
1543 2217 1648 2247 amitti

316 2265 393 2302 post
409 2271 507 2300 quarn
524 2259 677 2290 excidisse
687 2260 828 2299 pulavit,
843 2260 929 2289 etsie
943 2260 1043 2298 diripi
1055 2260 1250 2297 Amantius,
1265 2259 1440 2298 dilapidari
1456 2259 1651 2290 Gulielmius

321 2316 341 2343 9
365 2304 450 2344 tum]
470 2309 505 2334 ut
522 2303 628 2334 Sclzol.
747 2312 781 2332 11
810 2303 862 2333 cui
880 2302 1079 2333 Manutius:
1103 2314 1169 2341 quo
1187 2303 1276 2333 codd.
1367 2303 1473 2333 furori
1491 2308 1525 2333 et
1542 2303 1647 2333 isdem

321 2347 432 2378 Prcll.
457 2348 506 2387 (z
526 2347 587 2377 fur.
616 2347 756 2385 eisdem,
787 2350 825 2376 ut
846 2350 894 2377 est
917 2348 949 2376 in
974 2346 1020 2377 ed.
1051 2346 1126 2377 Asc.
1157 2348 1277 2384 1522):
1313 2347 1374 2377 sur.
1405 2352 1438 2377 et
1462 2347 1587 2377 eisdem
1614 2350 1652 2376 ut

323 2391 437 2422 Madv.
451 2393 496 2420 ita
509 2389 541 2419 b²
552 2391 666 2420 Buru.
686 2399 743 2428 157
757 2393 787 2420 et
797 2389 896 2421 Ilarl.
910 2391 990 2419 2681
1062 2399 1100 2428 15
1118 2390 1212 2419 cuius
1222 2389 1380 2429 Pluygers
1450 2400 1492 2420 20
1509 2390 1648 2420 defend·-

324 2440 419 2465 erant
436 2438 465 2464 et
482 2444 521 2463 21
543 2438 759 2473 protexerant
778 2433 902 2464 Ernest.
928 2433 1000 2471 all.‚
1022 2433 1159 2472 improb.
1181 2432 1332 2464 Zielinsk.
1469 2443 1508 2472 27
1534 2444 1576 2463 ne
1594 2433 1647 2463 cui

325 2479 482 2508 ΔἿῖοηιηιε.
501 2489 508 2507 z
533 2488 644 2516 neque
661 2476 748 2507 codd.
769 2489 775 2507 ε
800 2487 886 2506 neve
904 2476 1021 2506 Lamb.

1670 849 1706 870 10

1670 1175 1705 1207 Ι5

1669 1505 1708 1526 20

1670 1828 1707 1859 25
