1774 2782
522 481 590 528 M.
642 480 852 528 TVLLI
905 481 1304 528 CICERONIS

280 597 419 643 PRO
462 598 515 645 L.
556 597 936 644 CORNELIO
979 598 1214 645 BALBO
1255 597 1541 645 ORATIO

306 727 347 763 S1
376 724 625 762 auctoritates
653 731 905 774 patronorum
937 724 975 762 in
1004 724 1155 763 iudiciis
1183 726 1322 771 valent,
1344 724 1394 761 ab
1421 724 1574 774 amplis·
1595 715 1612 741 1

253 788 361 826 simis
395 788 483 826 viris
518 791 560 827 L.
592 789 751 828 Corneli
782 803 900 827 causa
931 790 1093 828 defensa
1122 797 1204 836 est;
1235 789 1264 826 si
1296 803 1397 836 usus,
1429 802 1452 827 a
1481 789 1575 839 peri·
1599 774 1612 796 Ι

254 852 437 899 tissimis;
466 852 495 891 si
525 852 690 902 ingenia,
721 853 772 890 ab
800 853 1157 903 eloquentissimis;
1185 853 1215 891 si
1244 854 1383 900 studia,
1411 855 1461 892 ab
1485 854 1577 892 ami-

253 917 418 955 cissimis
452 925 490 955 et
521 930 612 955 cum
643 917 844 956 beneficiis
878 931 968 955 cum
1005 919 1047 955 L.
1080 918 1266 957 Cornelio
1297 926 1378 956 tum
1410 918 1578 957 maxima

216 981 513 1025 5familiaritate
546 981 777 1020 coniunctis.
851 983 964 1031 Quae
999 990 1090 1020 sunt
1128 982 1242 1032 igitur
1276 996 1386 1021 meac
1421 985 1578 1033 partes?

253 1046 508 1085 Auctoritatis
537 1054 667 1085 tantae
694 1054 883 1096 quantam
913 1060 982 1085 vos
1010 1047 1049 1085 in
1078 1060 1141 1086 me
1168 1061 1253 1086 esse
1274 1047 1461 1094 voluistis,
1484 1062 1576 1086 usus

254 1111 473 1157 mediocris,
511 1111 642 1162 ingeni
681 1111 842 1151 minime
881 1112 1072 1150 voluntati
1112 1113 1225 1163 paris.
1297 1115 1398 1151 Nam
1440 1113 1577 1151 ceteris

252 1190 276 1213 a
304 1176 448 1226 quibus
477 1184 536 1215 est
565 1178 750 1215 defensus
780 1179 886 1215 hunc
916 1178 1061 1216 debere
1089 1178 1300 1227 plurimum
1330 1178 1470 1226 vide03
1505 1192 1577 1229 ego

254 1248 446 1290 quantum
462 1241 497 1280 ei
514 1242 695 1289 debeam,
713 1242 790 1280 alio
805 1244 894 1281 loco
909 1257 919 1290 3
949 1243 1141 1293 principio
1157 1243 1342 1281 orationis
1364 1245 1440 1282 hoc
1457 1257 1574 1294 pono,

196 1321 235 1342 10
255 1320 317 1345 me
347 1307 531 1345 omnibus
562 1307 628 1356 qui
658 1307 773 1346 amici
803 1307 945 1346 suerint
975 1308 1089 1346 saluti
1119 1315 1156 1346 et
1186 1308 1365 1358 dignitati
1394 1322 1516 1356 meae,
1546 1310 1577 1347 si

254 1371 383 1409 minus
405 1373 608 1410 referenda
626 1372 748 1422 gratia
767 1372 859 1410 satis
880 1374 1006 1410 facere
1026 1372 1231 1422 potuerim,
1255 1373 1519 1423 praedicanda
1540 1382 1577 1412 et

252 1436 438 1474 habenda
472 1444 576 1474 certe
607 1436 698 1474 satis
731 1450 815 1475 esse
845 1438 1047 1475 facturum.
1108 1438 1222 1484 Quae
1251 1438 1363 1476 fuerit
1393 1440 1576 1478 hesterno
1599 1457 1613 1478 2

254 1500 319 1539 die
346 1502 418 1540 Cn.
443 1501 607 1552 Pompei
632 1502 798 1552 gravitas
826 1502 864 1540 in
887 1502 1068 1550 dicendo,
1093 1502 1253 1550 iudices,
1277 1516 1377 1553 quae
1403 1505 1576 1549 facultas,

252 1580 354 1616 quae
382 1567 505 1617 copia,
536 1581 615 1605 non
643 1567 831 1616 opinione
858 1567 974 1605 tacita
1003 1575 1218 1606 vestrorum
1245 1568 1477 1616 animorum,
1507 1570 1577 1607 sed

196 1648 232 1679 15
254 1632 458 1682 perspicua
478 1632 737 1671 admiratione
758 1632 943 1671 declarari
965 1633 1181 1672 videbatur.
1240 1633 1349 1671 Nihil
1371 1634 1473 1672 enim
1496 1649 1578 1672 um-

252 1710 371 1746 quam
405 1696 536 1734 audivi
571 1698 680 1746 quod
715 1696 810 1734 mihi
842 1698 892 1735 de
927 1697 1008 1735 iure
1043 1697 1222 1735 subtilius
1257 1697 1333 1736 dici
1370 1698 1573 1746 videretur,

253 1761 349 1799 nihil
372 1761 558 1800 memoria
580 1761 725 1800 maiore
746 1763 796 1800 de
823 1762 1020 1812 exemplis,
1045 1763 1141 1800 nihil
1166 1763 1324 1813 peritius
1345 1764 1394 1801 de
1415 1763 1575 1802 foederi-

253 1827 336 1874 bus,
360 1826 456 1864 nihil
477 1826 696 1865 inlustriore
712 1827 941 1866 auctoritate
958 1829 1008 1866 de
1030 1827 1152 1874 bellis,
1172 1827 1267 1866 nihil
1288 1829 1338 1866 de
1358 1842 1398 1866 re
1418 1829 1575 1878 publica

250 1891 414 1941 gravius,
437 1891 534 1929 nihil
561 1893 611 1930 de
636 1891 722 1942 ipso
750 1892 977 1939 modestius,
1001 1892 1097 1930 nihil
1127 1894 1178 1931 de
1205 1906 1321 1931 causa
1349 1901 1386 1931 et
1413 1893 1574 1932 crimine

193 1975 233 1995 20
252 1957 426 1995 ornatius
447 1971 453 1995 :
484 1964 525 1994 ut
553 1957 647 1994 mihi
677 1957 751 1994 iam
781 1971 914 1995 verum
939 1957 1116 1996 videatur
1136 1958 1231 1996 illud
1260 1972 1344 1997 csse
1364 1960 1471 2008 quod
1493 1972 1572 1997 non
1595 1975 1612 2004 3

253 2020 347 2058 nulli
378 2021 513 2059 litteris
541 2034 587 2059 ac
617 2021 754 2060 studiis
785 2021 986 2060 doctrinae
1016 2022 1138 2060 dediti
1166 2022 1276 2072 quasi
1304 2023 1492 2072 quiddam
1520 2023 1573 2062 in-

299 2135 310 2154 1
348 2123 461 2154 valent
486 2123 636 2154 Ernesti:
670 2124 821 2155 valerent
849 2124 962 2155 codd.:
994 2126 1108 2155 valere
1135 2125 1260 2155 debent
1286 2125 1397 2156 Mucll.
1458 2125 1504 2164 Cf]
1530 2126 1579 2157 ad

253 2168 346 2207 Qm'r.
382 2170 396 2204 ξ
435 2168 456 2197 6
632 2177 650 2196 2
688 2167 768 2197 viris
800 2167 920 2199 Plls‘:
959 2179 1022 2199 om.
1056 2169 1095 2203 Β,
1126 2172 1216 2198 extra
1249 2179 1378 2199 versum
1409 2169 1514 2208 suppl.
1549 2173 1574 2201 Σ

252 2222 270 2249 4
297 2211 441 2241 maxima
458 2215 527 2240 tum
546 2211 581 2240 in
598 2221 664 2250 mg.
682 2210 722 2250 P,
742 2211 799 2241 ΒΣ
919 2222 935 2249 7
961 2211 1124 2241 voluntati
1144 2212 1234 2250 paris
1251 2212 1433 2251 Angelius:
1457 2212 1573 2243 volun-

252 2255 331 2285 tatis
345 2254 400 2293 (-i)
428 2263 553 2293 parens
580 2253 667 2284 codd.
768 2263 789 2292 9
813 2264 902 2293 pono
929 2258 965 2284 ul
987 2255 1069 2285 Ant.
1087 2255 1182 2295 Aug.
1202 2257 1245 2285 ita
1263 2255 1299 2284 b:
1326 2264 1462 2294 oppono
1480 2254 1568 2287 codd.

253 2299 422 2337 (propono
443 2297 476 2335 k)
594 2306 629 2327 11
656 2297 839 2327 adserenda
866 2298 953 2337 (aff.)
974 2298 1062 2328 codd.
1184 2309 1219 2336 17
1246 2299 1405 2328 memoria
1437 2298 1571 2331 Garrah:

252 2341 294 2371 de
321 2351 418 2371 mern.
448 2339 535 2370 codd.
555 2339 659 2379 (unde
674 2340 733 2370 Hk
759 2341 840 2370 nihil
865 2341 906 2370 de
927 2351 1021 2370 mem.
1047 2342 1088 2370 de
1109 2352 1200 2371 more
1221 2343 1263 2372 dc
1285 2341 1470 2381 exemplis:
1494 2341 1569 2372 add.

251 2383 382 2414 acutius
398 2383 437 2412 bk
453 2383 499 2414 ed.
519 2383 578 2421 R.)
758 2393 795 2412 21
823 2384 986 2414 doctrinis
1002 2383 1107 2414 PBG¹
1129 2385 1230 2423 <unde
1246 2385 1380 2415 litterati
1397 2395 1434 2415 ac
1452 2385 1571 2415 studiis

253 2427 483 2466 doctrinisque
500 2426 578 2457 ku
594 2426 639 2457 ed.
658 2427 719 2468 R.)

1426 2483 1484 2512 17*
