1774 2782
237 138 282 166 10
305 133 346 164 26
696 128 751 164 M.
784 127 952 163 TVLLI
984 126 1291 164 CICERONIS

246 349 281 374 11

243 407 279 438 27

241 1223 280 1251 28

302 236 481 287 periculis
522 249 601 273 non
642 236 762 274 modo
797 237 905 273 nullo
944 235 1145 286 proposito
1184 235 1368 286 praemio,
1406 236 1475 274 sed
1511 234 1628 276 etiam

302 301 509 339 interdicto
530 302 546 337 ?

355 364 431 403 Sed
470 379 560 403 cum
578 372 637 403 est
658 365 753 403 illud
771 365 1057 415 imperitissime
1074 365 1223 403 dictum
1245 366 1294 404 de
1312 366 1466 416 populis
1483 366 1627 413 fundis,

301 432 410 481 quod
444 444 657 469 commune
692 430 901 469 liberorum
938 438 995 468 est
1029 432 1277 481 populorum,
1314 445 1394 469 non
1429 431 1628 482 proprium

303 497 709 542 foederatorum,—ex
741 508 820 544 quo
852 495 1021 545 intellegi
1055 508 1216 534 necesse
1245 503 1304 534 est
1333 503 1399 534 aut
1429 496 1627 534 neminem

301 574 347 598 ex
369 560 483 598 sociis
504 560 630 598 civem
660 561 740 598 fieri
768 573 883 610 posse
910 568 976 597 aut
1005 560 1120 597 etiam
1147 573 1262 609 posse
1286 573 1333 599 ex
1353 561 1630 607 foederatis,—-

302 634 384 663 tum
411 639 502 663 vero
528 627 585 663 ius
615 639 732 664 omne
761 632 893 663 noster
922 625 992 663 iste
1020 625 1202 674 magister
1230 626 1443 664 mutandae
1464 625 1629 664 civitatis

302 691 463 740 ignorat,
496 692 604 740 quod
639 699 706 737 est,
740 691 899 737 iudices,
933 704 1012 728 non
1046 691 1173 728 solum
1209 690 1247 727 in
1283 690 1433 740 legibus
1463 690 1630 740 publicis

301 756 485 805 positum,
522 757 591 794 sed
628 756 744 793 etiam
780 755 819 793 in
854 755 1092 805 privatorum
1128 757 1338 794 voluntate.
1400 758 1490 794 Iure
1524 757 1629 794 enim

302 829 437 859 nostro
476 834 605 870 neque
645 828 794 859 mutare
833 820 1029 858 civitatem
1065 820 1274 870 quisquam
1310 820 1453 858 invitus
1488 827 1627 871 potest,

303 899 431 935 neque
459 886 488 922 si
516 886 607 923 velit
635 893 785 924 mutare
813 899 892 923 non
921 892 1060 934 potest,
1088 886 1210 923 modo
1239 885 1479 923 adsciscatur
1507 886 1558 923 ab
1585 900 1630 924 ea

304 950 460 988 civitate
482 950 591 987 cuius
613 963 698 987 esse
719 964 759 987 se
780 949 945 986 civitatis
966 948 1080 987 velit:
1112 956 1164 995 ut,
1188 950 1218 986 si
1242 948 1426 986 Gaditani
1449 948 1630 988 sciverint

302 1015 535 1054 nominatim
566 1016 615 1053 de
645 1014 777 1063 aliquo
807 1014 891 1052 cive
922 1016 1107 1051 Romano
1138 1021 1179 1051 ut
1209 1013 1258 1051 sit
1287 1013 1318 1050 is
1348 1013 1441 1051 civis
1473 1015 1630 1052 Gadita-

302 1095 385 1127 nus,
410 1093 550 1130 magna
576 1087 748 1130 potestas
777 1079 824 1117 sit
852 1087 986 1117 nostro
1010 1079 1084 1117 civi
1116 1080 1329 1117 mutandae
1356 1078 1532 1126 civitatis,
1557 1092 1629 1117 nec

302 1149 459 1185 foedere
491 1146 726 1195 impediatur
750 1158 830 1195 quo
860 1144 988 1182 minus
1016 1158 1062 1183 ex
1089 1144 1163 1181 civi
1192 1146 1377 1182 Romano
1398 1143 1491 1181 civis
1514 1143 1630 1182 Gadi-

301 1221 415 1251 tanus
436 1212 558 1262 possit
586 1225 682 1249 esse.
744 1213 921 1248 Duarum
950 1209 1150 1247 civitatum
1176 1209 1269 1247 civis
1291 1217 1422 1247 noster
1444 1222 1528 1247 esse
1549 1208 1630 1247 iure

300 1277 401 1315 civili
424 1290 541 1314 nemo
564 1284 716 1325 potest:
748 1288 830 1313 non
858 1288 942 1313 esse
970 1275 1085 1312 huius
1107 1273 1272 1311 civitatis
1294 1275 1360 1323 qui
1383 1286 1424 1311 se
1451 1273 1515 1311 alii
1543 1273 1631 1311 civi-

302 1342 367 1380 tati
391 1342 526 1380 dicarit
548 1349 689 1391 potest.
745 1342 886 1389 Neque
907 1341 1034 1378 solum
1056 1339 1264 1384 dicatione‚
1289 1340 1395 1388 quod
1417 1338 1455 1375 in
1477 1338 1630 1376 calami-

303 1415 381 1446 tate
411 1406 632 1444 clarissimis
662 1405 751 1443 viris
782 1406 830 1453 Q.
866 1405 1052 1450 Maximo,
1085 1405 1131 1443 C.
1162 1403 1335 1450 Laenati,
1368 1404 1418 1451 Q.
1448 1403 1630 1453 Philippo

304 1472 507 1518 Nuceriae,
546 1473 589 1511 C.
626 1471 769 1510 Catoni
808 1473 1043 1515 Tarracone,
1080 1471 1129 1518 Q.
1161 1468 1367 1518 Caepioni,
1404 1471 1444 1507 P.
1481 1468 1630 1506 Rutilio

303 1540 492 1588 Zmyrnae
513 1538 682 1575 vidimus
703 1536 904 1581 accidisse,
924 1542 964 1572 ut
985 1548 1117 1573 earum
1139 1534 1338 1571 civitatum
1356 1535 1492 1572 fierent
1513 1533 1627 1581 cives,

302 1617 382 1641 cum
418 1605 519 1640 hanc
554 1610 645 1640 ante
674 1603 851 1639 amittere
882 1614 962 1638 non
995 1599 1213 1650 potuissent
1243 1613 1362 1649 quam
1393 1601 1468 1637 hoc
1501 1601 1628 1637 solum

303 1669 468 1706 civitatis
499 1667 718 1705 mutatione
745 1666 961 1712 vertissent,
985 1667 1053 1703 sed
1081 1667 1196 1703 etiam
1229 1665 1470 1715 postliminio
1501 1672 1629 1714 potest

303 1733 467 1772 civitatis
482 1733 562 1771 fieri
578 1733 752 1770 mutatio.
791 1733 932 1780 Neque
946 1732 1051 1768 enim
1066 1731 1150 1768 sine
1163 1743 1280 1767 causa
1295 1731 1346 1768 de
1361 1731 1432 1768 Cn.
1452 1729 1630 1767 Publicio

306 1800 540 1845 Menandro,
582 1797 763 1835 libertino
802 1795 976 1843 homine,
1007 1809 1125 1845 quem
1164 1796 1269 1845 apud
1309 1796 1475 1833 maiores
1515 1796 1629 1845 legati

305 1864 425 1903 nostri
447 1864 485 1901 in
508 1864 713 1901 Graeciam
735 1861 1029 1912 proficiscentes
1058 1861 1308 1910 interpretem
1331 1874 1464 1899 secum
1486 1861 1631 1898 habere

305 1931 526 1976 voluerunt,
546 1929 596 1966 ad
618 1928 808 1978 populum
830 1928 950 1964 latum
979 1931 1034 1963 est
1057 1934 1098 1964 ut
1126 1926 1157 1964 is
1180 1925 1391 1971 Publicius,
1414 1926 1444 1963 si
1466 1926 1631 1963 domum

306 1995 517 2032 revenisset
547 2001 584 2031 et
615 1993 706 2031 inde
738 1994 908 2030 Romam
940 1991 1114 2038 redisset,
1148 2005 1197 2030 ne
1230 1991 1359 2029 minus
1391 1990 1484 2028 civis
1517 1997 1629 2029 esset.

349 2108 369 2136 3
394 2096 526 2136 populis
544 2096 562 2126 h
579 2095 740 2136 szzgclius
756 2107 762 2125 :
788 2096 901 2135 populi
920 2095 983 2126 rell.
1049 2094 1174 2134 fundis]
1194 2094 1377 2124 foederatis
1394 2093 1471 2124 com'.
1492 2092 1633 2123 Schuetz

305 2153 323 2180 4
364 2150 541 2171 commune
572 2139 602 2169 Β
642 2140 675 2169 in
709 2150 788 2179 mg,
822 2143 845 2170 Σ
861 2151 866 2168 :
908 2150 980 2170 cum
1014 2149 1111 2169 omne
1145 2138 1177 2167 P
1330 2143 1381 2168 est
1415 2140 1458 2167 2:
1499 2141 1534 2166 et
1567 2137 1631 2167 rell.

307 2196 323 2223 7
341 2188 456 2215 noster
469 2184 532 2213 iste
543 2183 575 2212 P
587 2183 649 2213 rell.
660 2188 787 2222 praeter
798 2182 872 2213 G1E
884 2183 1024 2219 (nostris
1036 2183 1084 2216 tel
1099 2194 1105 2212 :
1123 2187 1272 2212 nostrum
1286 2181 1349 2211 iste
1361 2181 1445 2219 Kok,
1455 2179 1633 2210 Lehmann

308 2240 346 2258 10
371 2227 492 2257 mutari
510 2227 643 2257 civitate
660 2232 688 2256 et
709 2227 727 2257 l.
750 2237 784 2256 11
806 2227 927 2256 mutari
950 2225 1035 2256 Reid
1058 2228 1090 2265 (ξ
1110 2225 1168 2264 31)
1294 2235 1331 2254 12
1355 2235 1393 2255 se
1417 2224 1525 2254 civem
1551 2224 1633 2254 velit

304 2271 423 2301 Lamb.
442 2282 448 2300 :
482 2271 565 2301 civis
586 2270 665 2300 velit
691 2270 782 2300 Paul
939 2271 976 2299 16
1003 2270 1150 2298 Duarum
1169 2268 1257 2298 enim
1277 2268 1446 2298 civitatum
1464 2277 1539 2297 esse
1561 2266 1631 2305 (del.

306 2316 386 2345 civis
403 2315 535 2354 noster)
548 2314 707 2353 Pluygers
821 2323 857 2351 17
883 2313 1029 2343 civitatis
1048 2313 1128 2342 civis
1144 2311 1232 2342 Hbc?
1247 2323 1253 2342 ε
1278 2311 1359 2341 civis
1376 2311 1451 2342 add.
1473 2314 1496 2342 Σ
1513 2310 1546 2340 in
1562 2320 1630 2350 mg.

306 2370 343 2389 21
372 2359 525 2388 videmus
542 2357 654 2387 Madv.
747 2367 787 2386 22
812 2367 887 2386 cum
905 2357 1012 2397 suppl.
1035 2355 1150 2385 Madv.
1169 2366 1175 2385 ε
1201 2365 1277 2385 nam
1295 2355 1402 2385 Halm
1420 2358 1502 2385 auct.
1520 2353 1634 2384 Baiter

306 2414 345 2442 27
372 2408 424 2432 est
443 2402 506 2431 6²:
531 2412 597 2431 om.
619 2401 683 2431 rell.

1650 512 1667 544 5

1653 834 1692 857 10

1654 1159 1689 1191 ¹5

1652 1481 1691 1501 20

1653 1809 1690 1840 25
