1774 2782
222 128 258 155 11

213 694 250 723 28

204 1524 245 1550 12

206 1585 244 1615 29

279 132 318 166 ³7
649 121 705 157 M.
737 120 904 156 TVLLI
937 119 1243 157 CICERONIS

277 243 362 267 sum
378 231 449 269 Cn.
471 229 633 278 Pompei
649 230 830 266 virtutem
849 234 886 266 et
906 227 1027 264 animi
1050 227 1360 277 magnitudinem
1379 229 1603 278 admiratus,

276 296 395 344 quod,
412 307 500 331 cum
524 293 606 343 ipse
622 294 760 331 ceteris
777 292 963 330 omnibus
980 300 1081 331 esset
1098 293 1204 331 omni
1228 294 1378 332 honore
1398 296 1602 342 antelatus,

274 360 503 409 ampliorem
527 360 718 397 honorem
740 358 847 396 alteri
866 358 1061 396 tribuebat
1079 371 1196 407 quam
1216 359 1297 407 ipse
1318 366 1398 396 erat
1419 373 1605 398 consecu-

274 432 348 463 tus.
407 426 511 473 Ergo
543 425 580 460 in
610 425 672 461 illa
700 423 987 472 supplicatione
1013 436 1130 472 quam
1153 435 1226 472 ego
1251 424 1418 469 decrevi,
1440 437 1499 462 res
1521 425 1603 473 ipsa

273 490 416 527 tributa
438 497 494 526 est
515 490 575 526 dis
597 488 884 526 immortalibus
906 495 942 525 et
964 489 1157 526 maiorum
1183 487 1368 526 institutis
1390 496 1426 526 et
1446 488 1601 527 utilitati
1623 502 1640 532 5

273 554 324 591 rei
348 553 538 603 publicae,
564 553 633 591 sed
655 553 824 602 dignitas
851 553 1071 599 verborum,
1096 554 1224 591 honos
1246 560 1283 591 et
1304 553 1456 591 novitas
1477 561 1514 592 et
1535 567 1603 591 nu-

274 632 402 657 merus
423 618 576 656 dierum
595 619 773 657 Caesaris
792 619 911 667 ipsius
928 619 1034 656 laudi
1051 619 1276 668 gloriaeque
1298 631 1509 657 concessus
1531 626 1601 657 est.

273 686 456 722 Relatum
484 691 541 722 est
568 684 619 722 ad
647 697 719 721 nos
745 697 869 733 nuper
894 684 943 721 de
972 684 1169 733 stipendio
1191 684 1405 723 exercitus:
1435 698 1515 723 non
1538 687 1602 724 de-

271 750 374 787 crevi
404 751 531 787 solum
562 750 631 787 sed
658 750 773 787 etiam
803 756 845 786 ut
872 762 941 786 vos
971 750 1234 788 decerneretis
1262 749 1445 797 laboravi,
1478 752 1600 789 multa

271 814 594 853 dissentientibus
626 815 820 865 respondi,
859 814 1070 853 scribendo
1104 816 1222 853 adfui.
1294 817 1399 854 Tum
1439 829 1599 866 quoque
1623 829 1660 852 10

271 880 423 918 homini
444 882 530 930 plus
552 880 666 918 tribui
690 894 807 930 quam
832 881 965 918 nescio
983 880 1044 917 cui
1067 879 1301 919 necessitati.
1353 882 1471 920 Illum
1493 881 1598 919 enim

269 945 483 983 arbitrabar
496 947 612 983 etiam
629 945 711 983 sine
726 947 801 983 hoc
816 944 992 983 subsidio
1002 947 1193 994 pecuniae
1209 945 1374 984 retinere
1388 946 1598 985 exercitum

269 1012 413 1060 praeda
433 1018 524 1048 ante
546 1018 654 1060 parta
669 1018 707 1048 et
729 1010 876 1048 bellum
898 1011 1094 1048 conficere
1110 1024 1251 1060 posse3
1281 1012 1350 1048 sed
1368 1012 1487 1049 decus
1504 1011 1599 1050 illud

268 1084 304 1114 et
327 1083 601 1114 ornamentum
620 1075 805 1124 triumphi
825 1074 1084 1113 minuendum
1106 1083 1238 1114 nostra
1259 1075 1496 1125 parsimonia
1517 1091 1596 1115 non

268 1143 410 1190 putavi.
468 1143 613 1178 Actum
636 1148 694 1179 est
716 1142 766 1179 de
791 1141 932 1178 decem
954 1140 1101 1190 legatis,
1125 1155 1224 1190 quos
1245 1141 1308 1179 alii
1330 1141 1494 1180 omnino
1516 1156 1595 1180 non
1619 1159 1656 1191 15

268 1207 427 1253 dabant,
451 1206 513 1244 alii
536 1208 716 1256 exempla
736 1206 991 1256 quaerebant,
1006 1206 1070 1244 alii
1093 1214 1249 1257 tempus
1271 1206 1516 1253 differebant,
1531 1207 1595 1245 alii

267 1273 351 1310 sine
372 1274 458 1309 ullis
481 1272 686 1310 verborum
710 1273 951 1310 ornamentis
973 1273 1147 1311 dabant:
1174 1272 1213 1310 in
1237 1286 1281 1310 ea
1303 1286 1462 1322 quoque
1483 1286 1523 1312 re
1540 1273 1596 1312 sic

268 1352 353 1375 sum
376 1339 529 1375 locutus
551 1345 593 1374 ut
613 1350 753 1374 omnes
775 1337 1045 1387 intellegerent
1067 1351 1130 1375 me
1150 1336 1190 1374 id
1211 1338 1319 1386 quod
1341 1337 1391 1375 rei
1415 1338 1595 1387 publicae

267 1417 384 1440 causa
405 1402 589 1441 sentirem
612 1404 738 1440 facere
763 1402 920 1441 uberius
946 1410 1103 1453 propter
1131 1402 1251 1452 ipsius
1272 1403 1452 1442 Caesaris
1473 1404 1595 1454 digni-

265 1476 396 1507 tatem.
1615 1484 1655 1505 20

318 1536 369 1572 At
403 1547 475 1583 ego
507 1533 612 1572 idem
649 1547 755 1572 nunc
788 1534 826 1571 in
862 1533 1071 1583 provinciis
1105 1534 1377 1581 decernendis,
1412 1533 1478 1584 qui
1511 1536 1594 1573 illas

263 1599 391 1637 omnis
412 1612 471 1637 res
492 1598 551 1648 egi
574 1598 739 1646 silentio,
765 1599 1000 1648 interpellor,
1019 1614 1109 1637 cum
1132 1601 1170 1636 in
1187 1599 1451 1648 superioribus
1468 1600 1594 1638 causis

262 1665 432 1703 hominis
454 1673 686 1703 ornamenta
707 1666 925 1702 adt'zmzenlo
946 1665 1098 1713 suerint,
1122 1665 1161 1703 in
1187 1666 1260 1703 hac
1282 1678 1345 1703 me
1370 1664 1467 1703 nihil
1487 1665 1594 1705 aliud

262 1731 332 1769 nisi
351 1731 447 1769 ratio
464 1730 567 1778 belli,
587 1730 660 1768 nisi
679 1745 833 1768 summa
850 1731 994 1769 utilitas
1008 1731 1060 1768 rei
1079 1730 1260 1780 publicae
1278 1738 1443 1769 moveat.
1488 1732 1591 1770 Nam

261 1798 342 1846 ipse
365 1798 509 1836 Caesar
536 1796 632 1846 quid
654 1804 711 1834 est
740 1810 808 1834 cur
835 1796 874 1834 in
906 1796 1106 1846 provincia
1133 1795 1365 1834 commorari
1391 1795 1494 1842 velit,
1518 1796 1590 1835 nisi
1614 1814 1650 1845 25

260 1871 301 1901 ut
323 1877 367 1901 ea
384 1877 484 1913 quae
502 1876 570 1912 per
586 1876 676 1901 eum
694 1864 849 1901 adfecta
870 1871 960 1901 sunt
977 1864 1148 1912 perfecta
1163 1862 1215 1900 rei
1238 1861 1420 1912 publicae
1435 1864 1590 1902 tradat?

260 1930 490 1968 Amoenitas
512 1943 614 1977 euin,
638 1931 767 1976 credo,
792 1931 979 1977 locorum,
1003 1929 1158 1968 urbium
1182 1930 1442 1979 pulchritudo,
1467 1930 1587 1968 homi-

259 2008 351 2032 num
393 1995 679 2045 nationumque
719 1996 870 2034 illarum
907 1995 1130 2035 humanitas
1164 2002 1203 2034 et
1241 1996 1361 2045 lepos,
1404 1995 1587 2034 victoriae

256 2060 461 2110 cupiditas,
508 2061 644 2099 finium
690 2061 827 2111 imperi
869 2061 1098 2112 propagatio
1141 2060 1293 2100 retinet.
1364 2060 1473 2110 Quid
1513 2061 1585 2099 illis

256 2126 363 2164 terris
390 2127 576 2177 asperius,
604 2127 700 2177 quid
728 2127 911 2165 incultius
944 2127 1110 2178 oppidis,
1140 2127 1236 2177 quid
1263 2127 1488 2165 nationibus
1517 2126 1584 2164 im-
1604 2139 1646 2169 30

256 2191 419 2239 manius,
444 2192 539 2242 quid
568 2206 683 2242 porro
710 2200 767 2230 tot
795 2192 965 2231 victoriis
993 2192 1273 2242 praestabilius,
1298 2191 1394 2241 quid
1419 2192 1583 2231 Oceano

299 2306 339 2324 22
367 2298 447 2325 (non
465 2296 521 2333 21)
539 2296 571 2325 in
586 2296 615 2330 k,
636 2296 741 2335 suppl.
762 2295 881 2326 Lamb.
982 2307 1022 2335 23
1048 2297 1240 2326 adiumento
1259 2295 1385 2324 suerint
1399 2295 1516 2334 scripsi
1530 2294 1579 2333 (cs.

254 2339 347 2368 Ball).
363 2341 377 2375 ,δ
400 2341 450 2378 19*=
465 2350 472 2369 :
498 2340 622 2369 suerint
639 2339 726 2370 codd.
740 2352 745 2369 z
772 2339 911 2369 iuverim
930 2339 972 2371 K.
986 2340 1112 2369 Busche
1127 2350 1133 2369 :
1155 2339 1244 2378 apud
1256 2348 1307 2368 me
1322 2337 1487 2368 valuerint
1499 2337 1577 2368 coni.

255 2382 393 2412 Mueller
523 2392 563 2421 25
590 2383 621 2412 in
639 2393 677 2413 ea
695 2382 868 2421 provincia
887 2383 964 2414 Gell.
984 2386 1012 2414 et
1027 2382 1114 2414 Non.
