1774 2782
692 157 1104 199 PRAEFATIO

238 272 280 311 in
301 279 481 312 externo
502 285 682 325 corpore
704 271 840 310 inesse
862 270 1103 310 videantur.
1168 271 1283 311 Illud
1307 285 1482 325 quoque
1495 279 1560 313 est

237 341 574 390 admonendum,
588 354 674 381 non
691 354 860 393 semper
872 341 1024 381 eodem
1042 340 1248 380 orationis
1265 354 1421 393 genere
1437 355 1559 381 usum

236 422 327 449 esse
349 408 542 448 Tullium
575 416 789 457 nostrum,
810 422 947 461 neque
979 423 1065 449 uno
1097 416 1258 462 tenore,
1284 416 1331 450 ut
1361 410 1496 460 aiunt,
1518 411 1560 450 in

236 477 418 518 dicendo
449 476 608 517 fluere:
640 484 889 530 temporum
924 485 965 518 et
996 491 1224 518 causarum
1259 479 1557 519 diversitatem

237 546 447 599 respicere
469 546 678 587 debemus
699 547 733 587 si
748 546 946 588 volumus
965 547 1089 587 nobis
1113 552 1434 599 repraesentare
1454 561 1561 600 qua-

237 615 287 654 lis
312 615 383 655 ille
410 629 495 656 uno
516 629 690 669 quoque
713 615 753 656 in
776 623 1034 670 argumento
1061 623 1207 657 orator
1235 630 1326 656 esse
1354 617 1558 669 potuerit.

237 686 324 725 Nec
340 699 442 726 vero
455 690 553 725 sunt
567 685 712 726 omnia
729 686 785 726 ad
799 699 996 726 normam
1015 685 1232 738 perfectae
1246 686 1358 725 illius
1376 692 1418 726 et
1436 685 1559 726 abso-

236 753 352 794 lutae
365 754 636 808 eloquentiae
653 751 976 808 expendenda.1
1015 754 1132 794 Nam
1149 755 1185 794 si
1201 755 1359 808 raptim
1376 755 1559 808 scriptae

234 830 334 863 sunt
363 823 502 877 prima
534 829 577 863 et
608 823 744 864 altera
772 837 919 864 earum
953 824 1006 864 de
1039 824 1196 875 quibus
1229 823 1374 877 agitur
1402 824 1559 864 oratio-

237 906 353 944 num,
373 892 442 933 vel
463 892 642 933 fortasse
664 907 721 933 ex
744 893 892 933 itinere
915 892 1064 933 scribis
1086 893 1287 945 dictatae,
1309 906 1448 945 neque
1472 893 1560 934 ulla

236 962 474 1014 posteriore
513 975 615 1002 cura
650 963 895 1015 recognitae
928 968 969 1002 et
1011 962 1066 1002 ad
1110 968 1358 1003 extremum
1404 976 1556 1016 parum

235 1030 464 1084 diligenter
491 1031 648 1082 editae,
668 1044 753 1072 non
773 1037 838 1071 est
861 1031 1105 1072 mirandum
1127 1031 1162 1072 si
1183 1032 1366 1085 vestigia
1386 1031 1455 1072 hic
1473 1032 1558 1072 illic

237 1099 519 1140 festinationis
550 1106 682 1152 atque
712 1099 902 1140 incuriae
933 1100 1173 1153 legentium
1206 1101 1372 1141 animos
1410 1101 1560 1142 leviter

235 1167 469 1210 offendunt.
532 1168 650 1223 Quin
671 1169 805 1210 etiam
828 1168 936 1210 illud
956 1183 1159 1223 quaerere
1182 1169 1286 1210 libet
1315 1170 1425 1211 inter
1452 1171 1533 1211 alia
1552 1187 1559 1212 :

235 1238 270 1278 si
292 1238 376 1279 hae
396 1238 615 1279 orationes
634 1252 661 1278 a
682 1238 978 1279 declamatore
1003 1238 1152 1291 aliquo
1174 1239 1259 1279 sint
1279 1240 1561 1292 conscriptae,

234 1312 277 1347 et
298 1307 425 1346 rebus
447 1313 490 1346 et
509 1305 737 1346 sententiis
765 1320 824 1346 ex
850 1320 951 1347 vere
973 1305 1268 1347 Ciceronianis
1291 1307 1559 1349 orationibus

236 1375 490 1429 compilatis,
520 1388 609 1428 quo
645 1375 826 1416 tandem
858 1382 1125 1416 evanuerunt
1167 1376 1422 1428 deperditae
1461 1376 1559 1418 illae

235 1445 450 1486 orationes
484 1457 593 1496 quas
627 1444 786 1484 scimus
817 1458 844 1484 a
874 1444 1022 1485 Tullio
1053 1444 1225 1485 habitas
1254 1459 1359 1494 esse,
1381 1454 1425 1487 et
1451 1461 1558 1500 quas

235 1514 366 1554 homo
387 1513 671 1554 scholasticus
691 1520 792 1554 ante
813 1513 964 1554 oculos
985 1513 1078 1554 sine
1100 1514 1236 1554 dubio
1256 1515 1409 1555 habuit
1429 1519 1445 1556 Ρ
1509 1517 1556 1557 In

236 1582 482 1623 universum
518 1582 648 1636 igitur
681 1582 1016 1624 aestimantibus
1052 1582 1225 1624 videtur
1264 1584 1306 1624 in
1348 1587 1558 1627 sententia

235 1651 414 1705 vulgata
441 1665 536 1692 esse
567 1652 942 1704 acquiescendum,
972 1659 1015 1692 et
1048 1653 1108 1694 ita
1145 1656 1428 1695 statuendum
1460 1669 1556 1695 curn

236 1721 489 1774 Madvigio:
546 1720 685 1762 ‘Sunt
729 1721 812 1762 hae
861 1722 1080 1764 orationes
1129 1723 1325 1764 tumidae
1357 1756 1366 1765 .
1399 1754 1410 1764 .
1443 1756 1452 1767 .
1483 1727 1557 1766 sed

235 1790 455 1832 Ciceronis
488 1798 602 1841 sunt,
634 1791 691 1832 de
722 1799 839 1832 statu
870 1792 1043 1842 deiecti,
1070 1792 1301 1845 pristinum
1334 1794 1557 1846 dignitatis

234 1865 278 1900 et
316 1860 590 1901 auctoritatis
618 1860 844 1913 fastigium
877 1874 1016 1914 neque
1047 1860 1181 1901 firmis
1215 1862 1379 1903 viribus
1421 1877 1558 1917 neque

234 1929 448 1970 constanti
481 1936 523 1969 et
555 1929 676 1983 gravi
705 1930 853 1971 animo
879 1931 1127 1984 repetentis,
1162 1932 1346 1972 maiores
1380 1932 1557 1985 quidem

235 1999 344 2039 duae
366 1996 656 2039 certissimae’
679 1998 885 2054 (Advers.
913 1998 1021 2041 Crz't.
1050 2000 1090 2049 ii,
1113 2014 1155 2052 p.
1175 1999 1289 2053 211).

280 2115 291 2136 ¹
316 2116 513 2147 ‘Postremo
546 2115 747 2147 Ciceronem
775 2118 960 2156 perfectum
993 2128 1068 2149 esse
1095 2124 1263 2150 oratorem
1291 2125 1452 2161 statuunt,
1480 2122 1557 2161 quid

235 2165 347 2191 autem
385 2161 426 2191 sit
465 2161 627 2190 Romanis
659 2161 844 2199 perfectum
876 2161 996 2201 visum,
1028 2172 1090 2193 suo
1122 2162 1271 2194 iudicant
1309 2174 1435 2196 sensu:
1474 2176 1557 2204 quae

236 2204 414 2243 displicent
431 2204 651 2234 Ciceroniana
669 2214 744 2234 esse
761 2209 895 2243 negant.
941 2205 1007 2243 Qui
1029 2206 1057 2236 si
1075 2210 1181 2236 totum
1199 2206 1376 2238 Ciceronis
1392 2209 1557 2238 scribendi

235 2258 344 2286 genus
372 2248 479 2277 libere
509 2247 790 2287 considerassent,
827 2254 965 2278 nossent
998 2250 1102 2279 multa
1131 2250 1293 2281 Romanis
1319 2252 1462 2281 oratoria
1490 2252 1558 2281 visa

236 2301 311 2321 esse
328 2301 413 2331 quae
429 2291 526 2322 nobis
543 2292 780 2322 declamatoria
797 2292 985 2331 videantur,
1005 2293 1129 2323 flumen
1150 2298 1347 2324 ornatorum
1368 2295 1555 2332 verborum,

236 2334 264 2364 si
280 2335 466 2373 logicorum
483 2336 647 2365 severitas
663 2336 876 2375 adhibeatur,
890 2336 1058 2366 turbidum
1073 2346 1175 2375 saepe
1192 2338 1344 2377 reperiri,
1361 2344 1557 2377 argumenta

237 2377 341 2407 multa
365 2383 399 2408 et
425 2379 677 2417 enthymemata
706 2384 738 2409 et
766 2380 863 2409 valde
889 2379 1020 2409 infirma
1042 2380 1122 2419 poni
1150 2385 1184 2410 et
1210 2382 1327 2411 eadem
1353 2382 1426 2411 aliis
1457 2387 1557 2420 atque

237 2420 310 2451 aliis
327 2421 439 2451 verbis
457 2422 840 2461 repeti.’—Madvigius,
860 2422 978 2462 Opusc.
997 2423 1102 2454 Acad.
1124 2423 1144 2461 i,
1165 2425 1179 2459 ξ
1199 2434 1257 2462 193
1277 2425 1327 2463 (in
1343 2426 1487 2465 annot.)-

888 2491 911 2515 V
