1774 2782
383 158 492 197 PRO
526 159 568 195 L.
601 158 891 197 CORNELIO
924 158 1105 196 BALBO
1136 158 1352 196 ORATIO
1487 168 1528 206 17
1548 173 1592 205 40

206 266 348 305 nostris
379 267 524 314 castris,
561 269 607 306 sit
643 269 679 305 in
716 267 992 318 imperatorum
1033 268 1244 318 praetoriis,
1276 268 1324 306 sit
1358 268 1529 318 denique

205 332 305 371 inter
337 332 447 383 signa
477 341 596 383 atque
628 333 668 371 in
698 334 781 372 acie
811 335 932 381 locus,
965 333 1011 371 sit
1044 335 1102 371 his
1131 333 1315 384 gradibus
1345 346 1528 371 ascensus
1549 367 1590 403 18

205 397 323 436 etiam
353 399 403 436 ad
433 398 640 435 civitatem.
702 397 822 443 Quod
853 397 883 435 si
914 397 1028 444 Afris,
1051 397 1081 435 si
1112 397 1252 443 Sardis,
1276 397 1306 434 si
1339 397 1528 447 Hispanis
1549 437 1585 466 41

205 463 304 512 agris
332 463 611 511 stipendioque
642 464 814 500 multatis
840 464 980 500 virtute
1007 462 1169 511 adipisci
1201 462 1289 500 licet
1319 462 1526 510 civitatem,

168 541 185 572 5
206 526 412 565 Gaditanis
433 538 564 565 autem
585 526 721 565 officiis
743 534 935 565 vetustate
957 528 1034 565 fide
1059 527 1239 576 periculis
1262 528 1418 566 foedere
1439 540 1529 566 con-

204 590 346 629 iunctis
367 593 443 630 hoc
464 592 566 630 idem
586 605 665 629 non
682 591 824 639 licebit,
842 605 922 630 non
940 593 1076 630 foedus
1093 592 1165 630 sibi
1188 592 1393 630 nobiscum
1415 594 1527 630 ictum

204 657 274 694 sed
294 655 558 706 iniquissimas
579 657 682 706 leges
705 656 905 706 impositas
929 670 951 695 a
972 657 1086 695 nobis
1114 670 1198 695 esse
1224 657 1526 696 arbitrabuntur.

203 722 335 771 Atque
369 722 482 767 hanc,
516 720 677 767 iudices,
712 734 792 758 non
827 735 849 759 a
884 735 946 759 nie
978 722 1070 770 fingi
1102 722 1329 768 orationem,
1363 723 1433 759 sed
1466 735 1527 759 me

203 785 334 824 dicere
349 798 451 835 quae
467 785 653 823 Gaditani
671 785 878 824 iudicarint
895 800 953 824 res
976 786 1056 836 ipsa
1073 787 1254 824 declarat.
1298 785 1526 835 Hospitium

146 864 184 886 10
203 851 334 888 multis
361 849 474 888 annis
501 858 591 888 ante
622 851 697 889 hoc
728 858 883 900 tempus
913 864 1004 889 cum
1036 852 1077 888 L.
1103 851 1287 890 Cornelio
1308 851 1526 888 Gaditanos

201 914 340 953 fecisse
370 914 528 965 publice
557 916 657 953 dico.
719 916 917 953 Proferam
950 923 1135 953 tesseram
1152 930 1161 963 ;
1199 917 1346 964 legatos
1376 915 1503 953 excito
1518 930 1528 962 3

201 981 423 1019 laudatores
453 981 504 1018 ad
534 981 609 1018 hoc
640 979 839 1026 iudicium,
873 993 1049 1018 summos
1079 981 1260 1018 homines
1294 993 1339 1018 ac
1372 980 1526 1018 nobilis-

202 1046 333 1092 simos,
351 1046 624 1095 deprecatores
641 1045 755 1083 huius
772 1044 930 1094 periculi
950 1046 1089 1082 missos
1105 1045 1245 1083 vidctis
1261 1057 1268 1090 ;
1295 1058 1334 1083 re
1355 1044 1526 1093 denique

201 1111 326 1147 multo
345 1117 436 1148 ante
457 1109 637 1148 Gadibus
659 1109 845 1153 inaudita,
867 1110 948 1147 sore
969 1116 1010 1147 ut
1032 1109 1123 1146 huic
1143 1109 1193 1146 ab
1221 1109 1286 1147 illo
1308 1108 1524 1158 periculum

145 1187 180 1219 ¹5
201 1182 394 1213 crearetur
415 1205 422 1212 .
446 1204 454 1213 .
478 1204 485 1212 .
507 1174 733 1224 gravissima
759 1182 891 1212 autem
921 1174 959 1211 in
982 1174 1098 1212 istum
1126 1173 1249 1212 civem
1272 1187 1385 1212 suum
1409 1173 1525 1212 Gadi-

201 1239 282 1277 tani
303 1247 461 1278 senatus
482 1241 663 1278 consulta
679 1241 863 1278 fecerunt.
909 1241 1041 1277 Potuit
1059 1238 1179 1288 magis
1196 1240 1339 1277 fundus
1357 1240 1524 1288 populus
1544 1253 1583 1283 42

202 1304 422 1343 Gaditanus
444 1304 536 1349 fieri,
559 1304 746 1354 quoniam
771 1305 847 1343 hoc
875 1317 1017 1354 magno
1038 1315 1155 1353 opere
1176 1305 1370 1342 delectare
1390 1304 1520 1350 verbo,

201 1371 232 1408 si
263 1377 345 1408 tuni
376 1371 418 1407 fit
447 1371 593 1408 fundus
623 1384 712 1407 cum
743 1369 839 1407 scita
867 1383 913 1407 ac
943 1369 1046 1406 iussa
1073 1376 1203 1407 nostra
1233 1381 1301 1406 sua
1331 1371 1522 1407 sententia

199 1434 441 1484 comprobat,
466 1447 585 1483 quam
613 1447 703 1471 cum
730 1435 944 1483 hospitium
973 1435 1074 1479 fecit,
1097 1440 1139 1470 ut
1166 1441 1203 1471 et
1229 1433 1383 1472 civitate
1414 1433 1521 1471 illum

142 1515 182 1536 20
200 1507 394 1537 mutatum
412 1511 497 1537 esse
514 1500 696 1537 fateretur
716 1506 753 1536 et
771 1497 884 1535 liuius
905 1497 1070 1535 civitatis
1087 1499 1235 1535 honore
1252 1497 1522 1547 dignissimum

201 1563 415 1602 iudicaret?
479 1563 611 1601 Potuit
643 1562 783 1601 certius
816 1564 1062 1612 interponere
1096 1562 1282 1600 iudicium
1315 1564 1523 1601 voluntatis

200 1642 294 1667 Suae
324 1642 443 1678 quarn
473 1642 564 1666 cum
594 1629 711 1666 etiam
741 1636 1008 1671 accusatorem
1040 1627 1154 1664 huius
1182 1628 1303 1664 multa
1330 1635 1367 1664 et
1396 1640 1524 1676 poena

198 1694 377 1732 notavit?
421 1693 554 1732 Potuit
576 1693 696 1743 magis
718 1694 768 1730 de
789 1706 828 1730 re
850 1692 1020 1730 iudicare
1037 1705 1153 1741 quam
1176 1705 1265 1729 cum
1286 1693 1336 1730 ad
1353 1699 1521 1730 vestrum

200 1758 389 1796 iudicium
419 1757 513 1795 civis
543 1757 806 1807 amplissimos
836 1756 976 1806 legavit
1007 1756 1114 1794 testis
1145 1756 1259 1794 huius
1291 1756 1391 1803 iuris,
1421 1758 1522 1794 vitae

141 1842 178 1873 ²5
199 1824 430 1869 laudatores,
469 1822 629 1872 periculi
665 1823 966 1872 deprecatores?
1036 1821 1193 1860 Etenim
1231 1823 1318 1871 quis
1352 1829 1409 1859 est
1444 1829 1520 1858 tam
1542 1834 1582 1866 43

198 1889 362 1927 demens
398 1888 493 1937 quin
528 1887 668 1926 sentiat
703 1888 761 1925 ius
794 1888 868 1925 hoc
903 1888 1108 1925 Gaditanis
1143 1899 1226 1925 esse
1260 1886 1519 1934 retinendum,

243 2002 262 2031 5
287 1991 418 2032 autem]
437 1992 498 2022 hoc
520 1991 580 2021 GE
600 1991 648 2030 fcf
667 1991 686 2021 l.
709 2000 745 2030 ¹5
763 1991 869 2030 ins1¹a;
899 1991 1006 2022 Vali'n.
1025 1993 1039 2027 ἓ
1059 2001 1096 2029 4¹
1118 1991 1251 2031 odfin.)
1376 1991 1398 2020 6
1422 1991 1521 2021 ictum

198 2035 305 2075 suppl.
334 2035 424 2065 Koch
452 2035 502 2074 (cf.
531 2034 614 2065 Sest.
645 2038 660 2071 ξ
687 2045 726 2072 24
752 2035 798 2064 ati
813 2035 894 2074 fitz.)
1069 2044 1102 2063 11
1142 2034 1313 2064 Proferam
1339 2039 1521 2070 tesseram;

198 2079 329 2118 legatos
346 2079 457 2108 excito
472 2089 480 2117 ;
496 2078 685 2108 laudatores
702 2079 741 2108 ad
755 2077 867 2109 Madv.
886 2090 892 2108 :
912 2078 1081 2108 Proferam
1094 2077 1201 2108 tes'tes
1213 2078 1325 2108 -seram
1339 2078 1521 2117 (proferam

199 2121 293 2161 ku)
320 2121 459 2160 legatos·
490 2121 602 2151 excito
627 2122 826 2151 laudatores.
891 2121 943 2150 Ad
971 2122 1034 2151 hoc
1052 2120 1188 2151 Bszk
1218 2124 1430 2162 (testeseram
1463 2121 1520 2161 ΡΙ)

204 2175 242 2204 14
269 2170 305 2195 ut
322 2165 396 2195 huic
414 2169 450 2194 ut
469 2164 587 2195 Lamh.
605 2165 650 2194 ila
667 2165 684 2193 b
702 2175 707 2194 :
735 2165 810 2194 huic
829 2169 862 2194 ut
879 2165 926 2196 cd.
946 2164 986 2194 R.
1003 2175 1009 2194 ε
1036 2164 1112 2194 huic
1130 2164 1217 2196 codd.
1348 2174 1383 2202 15
1409 2170 1519 2194 autem

201 2207 338 2239 PHG²:
363 2208 426 2238 hoc
443 2207 542 2238 G1E:
568 2213 636 2237 tum
654 2207 672 2235 b
839 2209 875 2237 16
900 2208 1054 2238 consulta
1071 2208 1110 2238 b:
1135 2209 1269 2238 convita
1286 2207 1347 2239 1³¹:
1375 2208 1521 2238 convitia

200 2251 320 2282 P²relL
359 2251 483 2282 Locum
508 2251 553 2281 ita
577 2249 760 2280 emendavit
782 2250 819 2288 J.
845 2250 880 2280 S.
910 2250 1010 2280 Reid:
1047 2251 1170 2289 audita,
1198 2261 1240 2280 rie
1269 2251 1350 2282 sorte
1378 2251 1453 2281 huic
1481 2251 1521 2280 ab

202 2295 259 2325 illo
285 2294 470 2334 periculum
495 2299 674 2330 crearetur,
697 2293 894 2331 gravissima
924 2294 954 2323 in
981 2294 1081 2324 istum
1110 2295 1214 2324 civem
1240 2305 1335 2324 suum
1362 2294 1518 2324 Gaditani

202 2339 234 2368 in
255 2343 373 2368 senatu
391 2337 543 2368 convicia
561 2336 711 2366 fecerunt
843 2346 876 2374 17
902 2337 1080 2367 delectaris
1096 2337 1182 2367 Reid
1295 2347 1330 2365 21
1361 2337 1517 2367 indicium

203 2380 316 2412 Madv.
345 2380 466 2419 (sedcf.
487 2384 501 2417 ξ
521 2384 576 2418 531
698 2389 738 2409 22
763 2389 870 2417 poena
906 2380 1031 2409 notai-it
1063 2380 1193 2410 Baiter:
1231 2380 1422 2418 poenatavit
1454 2380 1515 2409 12¹:

206 2434 313 2464 poena
331 2424 483 2454 multavit
501 2423 667 2454 P23Hb<5
683 2434 689 2453 :
715 2432 823 2462 poena
842 2423 975 2461 dignum
995 2423 1120 2462 putavit
1138 2422 1243 2452 Halm
