1774 2782
306 124 332 159 9
358 121 393 149 18
718 114 774 150 M.
806 112 972 148 TVLLI
1005 110 1311 149 CICERONIS

351 221 594 272 pontificatu,
627 234 752 258 rerum
788 221 889 258 bene
921 221 1183 269 gerundarum
1219 217 1469 256 auctoritates
1503 219 1675 267 augurio,

352 288 517 324 fatorum
541 294 688 323 veteres
710 285 995 335 praedictiones
1018 283 1211 333 Apollinis
1233 290 1363 321 vatum
1386 282 1502 329 libris,
1526 290 1677 332 porten-

352 359 481 388 torum
511 349 753 399 expiationes
781 351 1035 387 Etruscorum
1066 347 1273 396 disciplina
1302 347 1492 385 contineri
1521 355 1678 397 putave-

351 423 465 461 runt3
503 428 603 463 quae
634 414 794 463 quidem
831 422 937 451 tanta
969 421 1025 451 est
1058 420 1099 450 ut
1131 420 1263 450 nostra
1293 412 1481 450 memoria
1510 411 1677 462 primum

353 478 478 516 Italici
510 478 600 516 belli
630 480 783 516 funesta
813 478 876 516 illa
906 477 1105 527 principia,
1131 485 1218 526 post
1249 476 1397 514 Sullani
1427 476 1678 526 Cinnanique
1698 494 1716 526 5

351 543 537 594 temporis
569 551 785 581 extremum
817 556 942 593 paene
976 542 1195 589 discrimen,
1232 550 1314 579 tum
1347 542 1448 578 hanc
1480 549 1677 580 recentem

353 608 458 646 urbis
488 608 793 646 inflammandae
822 608 1060 657 delendique
1090 607 1227 657 imperi
1256 606 1566 645 coniurationem
1598 619 1677 643 non

295 689 332 720 19
355 674 521 711 obscure
554 673 668 711 nobis
703 675 822 723 paulo
855 681 946 710 ante
981 672 1249 722 praedixerint.
1312 671 1480 718 Deinde,
1518 670 1548 708 si
1583 670 1679 720 quid

284 1838 329 1864 10

292 1898 331 1918 20

354 738 475 776 habui
495 738 560 784 oti,
584 738 699 776 etiam
722 738 888 788 cognovi
910 739 1032 776 multa
1052 738 1232 776 homines
1252 738 1392 776 doctos
1413 736 1678 787 sapientisque

354 812 391 842 et
412 804 555 842 dixisse
585 811 622 841 et
651 803 793 854 scripta
822 805 871 842 de
902 805 1065 842 deorum
1097 802 1374 841 immortalium
1404 801 1567 839 numine
1596 800 1679 839 reli·
1702 820 1739 842 10

352 870 508 920 quisse,
536 883 638 919 quae
666 882 909 919 quamquam
936 868 1122 906 divinitus
1150 868 1362 918 perscripta
1390 867 1518 914 video,
1545 874 1678 904 tamen

351 935 433 973 eius
459 934 568 972 modi
594 942 684 972 sunt
712 943 753 972 ut
781 948 827 972 ea
855 933 1020 971 maiores
1048 933 1171 971 nostri
1201 933 1383 971 docuisse
1408 934 1503 979 illos,
1527 946 1605 970 non
1627 932 1678 970 ab

350 1000 423 1038 illis
454 999 640 1038 didicisse
663 999 879 1038 videantur.
938 998 1097 1036 Etenim
1125 998 1211 1048 quis
1240 1006 1297 1037 est
1325 1006 1403 1036 tam
1425 1012 1583 1037 vaecors
1611 997 1677 1048 qui

349 1073 425 1112 aut,
456 1079 547 1102 cuni
576 1064 749 1114 suspexit
778 1064 818 1102 in
848 1066 1012 1108 caelum,
1039 1065 1135 1102 deos
1165 1078 1250 1103 esse
1279 1079 1358 1103 non
1389 1064 1540 1111 sentiat,
1568 1072 1605 1102 et
1632 1076 1678 1102 ea

350 1144 451 1180 quae
476 1139 584 1168 tanta
609 1137 741 1168 mente
769 1131 867 1167 fiunt
894 1137 936 1167 ut
957 1129 1017 1167 vix
1045 1129 1253 1179 quisquam
1280 1138 1362 1168 arte
1391 1131 1468 1168 ulla
1498 1129 1676 1167 ordinem
1703 1145 1736 1176 ¹5

350 1209 476 1234 rerum
508 1209 554 1232 ac
584 1194 917 1233 necessitudinem
947 1194 1129 1244 persequi
1159 1194 1282 1245 possit
1311 1208 1403 1233 casu
1439 1194 1520 1233 fieri
1554 1201 1674 1244 putet,

349 1269 426 1307 aut,
442 1274 533 1298 cum
554 1261 650 1298 deos
672 1274 756 1298 esse
779 1260 1020 1307 intellexerit,
1038 1274 1119 1297 non
1141 1259 1339 1310 intellegat
1359 1274 1493 1298 eorum
1516 1259 1677 1297 numine

350 1327 426 1363 hoc
452 1333 604 1363 tantum
633 1325 841 1375 imperium
866 1339 951 1364 esse
978 1334 1114 1363 natum
1139 1333 1177 1364 et
1200 1334 1359 1364 auctum
1387 1334 1424 1364 et
1451 1326 1678 1364 retentum?

351 1393 483 1439 Quam
512 1392 693 1428 volumus
726 1390 826 1437 licet,
861 1399 989 1440 patres
1023 1391 1244 1440 conscripti,
1277 1390 1349 1441 ipsi
1381 1405 1453 1430 nos
1485 1404 1675 1438 amemus,

351 1465 483 1494 tamen
504 1469 577 1494 nec
597 1469 763 1494 numero
785 1456 988 1506 Hispanos
1015 1470 1088 1494 nec
1117 1458 1257 1495 robore
1285 1457 1419 1495 Gallos
1440 1470 1512 1495 nec
1533 1456 1678 1495 callidi·
1698 1469 1738 1491 20

351 1529 428 1559 tate
452 1523 605 1560 Poenos
627 1535 700 1559 nec
720 1521 867 1559 artibus
886 1523 1058 1560 Graecos
1076 1536 1149 1560 nec
1165 1523 1337 1572 denique
1359 1523 1435 1560 hoc
1456 1521 1541 1571 ipso
1561 1521 1677 1559 huius

350 1586 476 1636 gentis
499 1600 545 1624 ac
572 1594 695 1624 terrae
718 1587 941 1625 domestico
964 1587 1176 1637 nativoque
1203 1601 1319 1625 sensu
1349 1588 1468 1626 Italos
1498 1587 1602 1637 ipsos
1632 1601 1678 1626 ac

352 1651 524 1698 Latinos,
552 1653 622 1690 sed
651 1651 796 1701 pietate
824 1666 871 1690 ac
900 1652 1086 1702 religione
1114 1662 1234 1703 atque
1263 1654 1336 1691 hac
1366 1667 1444 1691 una
1474 1653 1674 1703 sapientia,

351 1717 460 1766 quod
480 1718 644 1754 deorum
666 1716 828 1756 numine
848 1717 980 1755 omnia
996 1718 1073 1768 regi
1088 1718 1375 1768 gubernarique
1397 1719 1674 1768 perspeximus,

351 1782 479 1820 omnis
499 1782 625 1832 gentis
645 1782 906 1833 nationesque
926 1785 1205 1833 superavimus.
1698 1795 1734 1826 25

406 1849 497 1896 Qua
526 1862 576 1895 re,
607 1861 659 1886 ne
688 1850 798 1898 plura
825 1850 875 1887 de
905 1863 944 1887 re
972 1849 1132 1888 minime
1162 1851 1300 1900 loquar
1330 1849 1461 1895 dubia,
1490 1850 1676 1888 adhibete

351 1912 517 1959 animos,
540 1922 577 1952 et
606 1913 748 1952 mentis
780 1922 937 1961 vestras,
960 1928 1039 1952 non
1066 1917 1192 1953 solum
1216 1915 1328 1962 auris,
1351 1917 1401 1953 ad
1427 1915 1676 1965 haruspicum

352 1992 489 2016 vocem
510 1981 742 2017 admovete:
773 1981 897 2028 QVOD
926 1992 969 2016 IN
997 1993 1109 2018 AGRo
1137 1982 1385 2018 LATINOENSI
1408 1993 1583 2018 .-xvavs
1606 1992 1678 2018 EST

352 2056 572 2081 STREPITVS
607 2056 691 2081 CVM
728 2056 924 2082 FREmTv.
997 2045 1116 2082 Mitto
1151 2045 1386 2094 haruspices,
1425 2045 1536 2082 mitto
1572 2046 1676 2082 illam

352 2116 521 2146 veterem
550 2109 601 2146 ab
630 2108 723 2158 ipsis
753 2110 813 2147 dis
843 2109 1137 2156 immortalibus,
1166 2118 1207 2147 ut
1237 2109 1443 2147 hominum
1474 2111 1574 2148 sama
1605 2117 1673 2156 est,
1697 2125 1737 2156 30

395 2221 413 2240 2
440 2211 690 2250 praedictiones
710 2211 746 2242 k:
774 2213 1041 2250 praedicationes
1058 2211 1207 2242 PBHGt
1308 2223 1326 2251 3
1353 2213 1562 2251 expiationes
1579 2213 1675 2254 Sigo-

353 2255 446 2285 m'ns:
472 2255 595 2293 explat.
611 2254 652 2284 P]
673 2267 678 2285 :
698 2255 867 2293 explanat.
887 2256 947 2285 rell.
1039 2267 1059 2294 9
1084 2257 1141 2285 otii
1155 2255 1250 2286 Orell.
1270 2267 1276 2285 ε
1301 2256 1369 2286 tolli
1389 2256 1476 2286 codd.
1557 2257 1674 2287 doctos

352 2298 582 2336 sapientisque
603 2298 653 2327 P:
679 2298 893 2328 doctissimos
918 2299 1147 2338 sapientisque
1166 2298 1211 2328 122
1221 2299 1285 2329 rell.
1299 2303 1428 2338 praeter
1444 2299 1516 2328 EM
1539 2301 1673 2337 (doctis-

352 2342 453 2371 simos
471 2341 819 2381 sapientissimosque)
931 2353 968 2380 19
995 2348 1062 2381 pat.
1082 2353 1154 2372 con.
1175 2342 1254 2372 licet
1271 2342 1349 2372 ku
1454 2344 1494 2373 28
1520 2343 1673 2374 latissensi

353 2383 397 2415 F:
425 2384 555 2414 latiensi
574 2384 605 2414 Β
622 2385 825 2424 rell.j>raeler
839 2385 955 2415 HMbk
976 2386 1161 2416 *watinensi*
