1774 2782
91 864 129 886 10

88 1517 128 1538 20

85 2169 124 2199 30

248 158 321 194 DE
354 157 519 195 DOMO
549 157 651 194 SVA
684 157 758 192 ΑΙ)
794 155 1126 194 PONTIFICES
1159 157 1375 193 ORATIO
1428 165 1478 200 32
1497 162 1538 200 85

155 266 326 315 recipere
346 272 482 303 contra
504 273 611 303 tuam
636 267 761 315 legem
788 273 827 303 et
856 265 985 304 iuvare
1011 265 1238 304 dubitavit?
1297 266 1480 315 Denique

152 330 354 369 universus
370 338 539 377 senatus,
558 332 682 368 multo
695 339 788 369 ante
803 344 922 380 quam
942 339 998 368 est
1015 332 1091 368 lata
1108 332 1168 369 lex
1185 332 1234 368 de
1251 344 1323 377 me,
1340 330 1478 380 gratias

149 397 322 445 agendas
347 395 499 434 censuit
519 395 740 434 civitatibus
761 395 806 433 iis
824 409 927 445 quae
948 398 1002 433 M.
1017 395 1480 433 Tullium—tantumne?

150 460 273 498 immo
299 460 598 498 etiam—civem
619 460 768 510 optime
788 461 840 499 de
858 474 899 499 re
920 460 1077 510 publica
1099 460 1292 506 meritum,
1317 460 1479 510 recepis-

149 533 246 563 sent.
308 527 358 563 Et
387 533 428 563 tu
460 539 561 564 unus
584 526 743 576 pestifer
769 525 863 563 civis
890 539 980 563 eum
1009 525 1229 564 restitutum
1255 538 1373 574 negas
1394 538 1479 562 esse

150 590 276 629 civem
297 603 415 639 quem
446 590 614 628 eiectum
645 591 849 630 universus
879 599 1037 629 senatus
1068 604 1147 629 non
1184 592 1305 629 modo
1336 590 1475 637 civem,

149 656 220 693 sed
247 655 365 693 etiam
394 655 591 704 egregium
624 656 750 695 civem
786 669 941 705 semper
972 656 1156 706 putavit?
1212 658 1264 694 At
1301 669 1404 702 vero,
1436 664 1477 693 ut
1499 657 1538 688 86

148 722 307 759 annales
337 720 470 771 populi
495 722 663 760 Romani
688 730 726 761 et
744 730 1006 760 monumenta
1027 721 1228 759 vetustatis
1250 723 1475 770 loquuntur,

150 787 283 823 Kaeso
305 785 370 824 ille
387 785 602 834 Quinctius
619 795 657 825 et
692 788 746 824 M.
772 787 912 826 Furius
941 786 1132 826 Camillus
1160 794 1196 824 et
1223 787 1268 824 C.
1294 785 1477 823 Servilius

149 852 285 898 Ahala,
303 864 392 888 cum
415 859 546 890 essent
566 851 714 901 optime
729 853 780 890 de
801 866 841 890 re
862 851 1021 902 publica
1042 850 1177 897 meriti,
1194 859 1327 890 tamen
1343 851 1477 900 populi

148 915 293 953 incitati
323 916 401 954 vim
428 916 752 967 iracundiamque
779 917 994 963 subierunt,
1025 915 1279 964 damnatique
1307 914 1476 952 comitiis

147 980 372 1018 centuriatis
398 993 491 1018 cum
517 980 555 1019 in
584 980 763 1019 exsilium
790 981 1063 1031 profugissent,
1092 993 1223 1018 rursus
1252 979 1303 1016 ab
1333 979 1475 1016 eodem

147 1045 294 1094 populo
316 1045 469 1093 placato
491 1051 581 1082 sunt
602 1044 641 1082 in
668 1059 779 1084 suarn
804 1045 1007 1096 pristinam
1035 1044 1268 1094 dignitatem
1294 1043 1474 1082 restituti.

148 1110 269 1157 Quod
298 1108 328 1147 si
366 1109 425 1147 his
454 1109 651 1148 damnatis
682 1124 761 1148 non
792 1113 912 1150 modo
940 1124 1022 1148 non
1048 1109 1248 1148 imminuit
1273 1109 1476 1147 calamitas

147 1174 346 1212 clarissimi
378 1174 547 1212 nominis
575 1175 748 1225 gloriam,
772 1177 843 1214 sed
867 1176 984 1214 etiam
1014 1175 1236 1214 honestavit
1267 1174 1375 1225 (nam
1403 1173 1476 1213 etsi

147 1238 361 1288 optabilius
390 1247 449 1277 est
480 1253 637 1278 cursum
671 1240 771 1278 vitae
806 1242 1002 1279 conficere
1034 1240 1118 1278 sine
1150 1241 1290 1280 dolore
1321 1247 1359 1278 et
1391 1239 1477 1279 sine

146 1303 294 1352 iniuria,
318 1312 452 1342 tamen
484 1306 537 1343 ad
565 1304 897 1344 immortalitatem
927 1305 1072 1356 gloriae
1102 1306 1188 1355 plus
1223 1306 1348 1343 adfert
1377 1304 1477 1343 desi-

146 1370 324 1407 deratum
355 1383 439 1408 esse
469 1382 491 1406 a
520 1369 599 1407 suis
629 1370 779 1408 civibus
810 1384 929 1420 quam
959 1370 1124 1408 omnino
1150 1383 1368 1419 numquam
1387 1383 1476 1408 esse

147 1433 363 1483 violatum),
405 1434 500 1472 mihi
540 1434 625 1473 sine
666 1436 747 1472 ullo
793 1435 939 1473 iudicio
980 1435 1114 1485 populi
1155 1436 1340 1485 profecto,
1381 1448 1474 1473 cum

146 1498 399 1547 amplissimis
421 1498 602 1537 omnium
631 1499 784 1537 iudiciis
810 1500 1000 1547 restitum,
1029 1499 1227 1538 maledicti
1252 1499 1386 1538 locum
1406 1507 1474 1538 aut

144 1563 316 1601 criminis
346 1563 572 1602 obtinebit?
639 1564 765 1602 Fortis
794 1571 832 1602 et
861 1573 1046 1602 constans
1076 1565 1116 1601 in
1144 1564 1295 1614 optima
1323 1564 1473 1603 ratione
1493 1569 1534 1610 87

143 1627 238 1666 civis
261 1630 302 1666 P.
326 1627 501 1678 Popilius
522 1642 676 1679 semper
697 1629 766 1667 fuit
786 1644 794 1675 3
825 1637 956 1667 tamen
985 1628 1068 1667 eius
1089 1628 1128 1666 in
1149 1628 1257 1666 omni
1278 1628 1356 1666 vita
1377 1629 1472 1667 nihil

145 1701 202 1731 est
230 1694 280 1730 ad
312 1694 468 1731 laudem
502 1693 700 1732 inlustrius
730 1707 849 1743 quam
881 1694 1081 1732 calamitas
1112 1693 1220 1744 ipsa3
1249 1693 1336 1743 quis
1365 1693 1470 1732 enim

145 1758 221 1795 iam
244 1757 485 1796 meminisset
507 1772 595 1796 eum
620 1759 720 1797 bene
741 1761 790 1797 de
812 1773 850 1798 re
873 1760 1031 1809 publica
1051 1758 1245 1805 meritum,
1270 1758 1341 1796 nisi
1363 1767 1400 1797 et
1421 1760 1472 1796 ab

146 1822 335 1872 improbis
352 1825 536 1873 expulsus
556 1832 657 1862 esset
677 1832 715 1862 et
737 1837 804 1874 per
818 1824 947 1862 bonos
964 1824 1193 1863 restitutus?
1250 1826 1298 1873 Q.
1320 1825 1471 1863 Metelli

144 1889 385 1937 praeclarum
418 1888 624 1937 imperium
662 1889 701 1926 in
736 1903 775 1927 re
809 1889 963 1927 militari
994 1889 1078 1936 suit,
1108 1888 1260 1938 egregia
1294 1902 1467 1935 censura,

141 1953 271 1991 omnis
297 1953 375 1991 vita
406 1955 520 2003 plena
550 1954 769 2003 gravitatis;
800 1962 933 1992 tamen
968 1954 1083 1992 liuius
1116 1953 1184 1991 viri
1222 1955 1380 1992 laudem
1419 1956 1469 1992 ad

142 2018 421 2067 sempiternam
472 2019 700 2057 memoriam
749 2021 936 2069 temporis
980 2020 1181 2057 calamitas
1230 2020 1466 2068 propagavit.

143 2083 265 2131 Quod
285 2083 313 2120 si
335 2081 405 2134 [et]
425 2083 509 2130 illis,
528 2084 594 2133 qui
616 2084 762 2133 expulsi
786 2092 878 2123 sunt
896 2084 1043 2133 inique,
1061 2085 1130 2122 sed
1153 2091 1285 2121 tamen
1307 2083 1467 2133 legibus,
1491 2094 1540 2130 33

144 2148 294 2186 reducti
335 2148 503 2186 inimicis
548 2149 760 2187 interfectis
807 2150 1075 2199 rogationibus
1117 2148 1346 2195 tribuniciis,
1389 2164 1468 2187 non

142 2213 373 2252 auctoritate
404 2222 573 2261 senatus,
606 2228 684 2252 non
717 2215 886 2253 comitiis
917 2214 1154 2261 centuriatis,
1188 2228 1267 2252 non
1303 2214 1469 2252 decretis

185 2317 205 2346 8
229 2316 384 2347 locuntur
400 2317 489 2348 PHle
643 2330 663 2357 9
692 2319 821 2359 Kaeso]
841 2330 940 2349 caeso
958 2319 999 2349 Ρ]
1017 2331 1023 2349 :
1049 2329 1128 2349 ceso
1157 2318 1258 2348 GMe:
1290 2328 1409 2348 censor
1426 2317 1470 2346 P²

143 2360 207 2390 rell.
300 2360 336 2391 C.
360 2362 494 2392 Ga›·al.:
523 2361 565 2391 M.
586 2362 673 2393 codd.
805 2373 845 2392 ρο
871 2363 1024 2393 restituto
1042 2362 1131 2393 Hs:
1155 2362 1325 2392 restitutio
1338 2360 1471 2390 P¹GMs

143 2405 183 2433 28
209 2405 406 2442 sempiterni
428 2404 538 2435 Madv.
561 2406 590 2442 5
615 2408 688 2439 1123
825 2417 865 2444 29
891 2413 922 2436 ct
941 2406 998 2436 del.
1018 2405 1134 2436 Lamb.
1154 2406 1257 2442 :furh
1281 2405 1381 2434 etiam
