1774 2782
231 125 281 151 22

239 455 274 485 51

304 131 343 161 50
670 115 728 151 M.
758 114 925 150 TVLLI
958 112 1263 151 CICERONIS

298 223 558 274 prodidissem
573 226 589 261 ?
634 225 681 261 In
695 237 771 273 qua
788 224 947 273 quidem
965 236 1070 260 nunc
1088 235 1150 261 me
1166 222 1344 261 restituto
1360 221 1452 260 vivit
1469 234 1624 260 mecum

300 289 415 327 simul
436 290 659 338 exemplum
678 288 767 326 fidei
786 287 990 338 publicae3
1019 289 1128 337 quod
1145 289 1174 326 si
1192 288 1411 326 immortale
1427 287 1625 333 retinetur,

300 355 387 404 quis
407 367 487 391 non
510 352 698 402 intellegit
719 352 980 391 immortalem
1002 354 1103 391 hanc
1124 353 1320 391 civitatem
1343 355 1541 391 futuram?

354 419 457 456 Nam
481 425 640 456 externa
661 418 762 456 bella
783 431 928 467 regum,
945 419 1132 468 gentium,
1151 418 1355 456 nationum
1376 418 1453 456 iam
1474 417 1625 468 pridem

300 483 351 521 ita
372 482 564 521 exstincta
585 490 675 521 sunt
696 490 738 520 ut
762 484 958 532 praeclare
982 496 1073 520 cum
1098 482 1143 520 iis
1164 496 1325 532 agamus
1346 496 1446 532 quos
1467 490 1625 532 pacatos
1645 492 1662 524 5

299 561 384 586 esse
408 547 626 597 patiamur3
656 547 827 597 denique
854 560 901 586 ex
929 547 1067 585 bellica
1094 547 1255 585 victoria
1280 560 1360 585 non
1385 548 1464 586 fere
1488 560 1624 597 quem-

299 626 417 663 quam
448 620 506 650 est
537 612 684 650 invidia
717 611 860 650 civium
892 620 1115 650 consecuta.
1177 612 1416 651 Domesticis
1447 612 1558 651 malis
1588 621 1626 652 et

297 677 507 716 audacium
529 677 671 715 civium
698 677 870 716 consiliis
898 691 1014 727 saepe
1035 685 1093 716 est
1114 677 1387 724 resistendum,
1410 690 1626 728 eorumque

298 742 561 792 periculorum
592 751 648 780 est
680 742 719 779 in
750 757 789 780 re
820 742 978 792 publica
1011 742 1217 781 retinenda
1247 742 1468 791 medicina3
1506 756 1625 792 quam

299 820 470 853 omnem,
490 807 650 854 iudices,
669 807 948 857 perdidissetiS‚
964 807 994 845 si
1012 821 1101 845 meo
1118 806 1274 845 interitu
1291 806 1442 845 senatui
1460 809 1624 857 populo·
1649 820 1686 842 10

300 886 377 922 que
409 874 594 910 Romano
624 872 769 910 doloris
799 872 857 910 sui
888 873 938 910 de
970 885 1031 910 me
1065 871 1291 911 declarandi
1322 879 1494 922 potestas
1525 879 1627 911 esset

300 945 442 987 erepta.
502 939 592 986 Qua
622 951 661 975 re
692 950 836 975 moneo
863 950 943 983 vos,
970 938 1254 984 adulescentes,
1281 945 1401 986 atque
1430 938 1507 975 hoc
1537 951 1626 975 meo

301 1002 381 1040 iure
403 1002 610 1052 praecipio,
630 1002 696 1051 qui
713 1001 956 1051 dignitatem,
975 1001 1040 1051 qui
1058 1015 1137 1040 rem
1153 1001 1362 1052 publicam,
1382 1001 1447 1051 qui
1464 1001 1626 1051 gloriam

301 1067 496 1117 spectatis,
516 1081 575 1113 ne,
600 1067 629 1104 si
651 1080 752 1116 quae
768 1081 837 1105 vos
858 1066 1072 1116 aliquando
1090 1066 1301 1105 necessitas
1321 1068 1372 1105 ad
1393 1080 1473 1104 rem
1496 1066 1624 1117 publi-

301 1146 386 1170 cam
412 1140 547 1171 contra
575 1132 775 1181 improbos
802 1131 896 1170 civis
923 1133 1216 1170 defendendam
1238 1131 1406 1179 vocabit,
1428 1131 1625 1181 segniores
1647 1148 1684 1179 15

301 1198 381 1237 sitis
402 1205 440 1236 et
462 1197 732 1236 recordatione
754 1197 829 1235 mei
857 1211 969 1235 casus
992 1211 1015 1235 a
1039 1197 1210 1235 consiliis
1232 1197 1396 1235 fortibus
1417 1196 1623 1246 refugiatis.

302 1263 474 1301 Primum
497 1277 577 1301 non
599 1271 655 1301 est
680 1263 895 1313 periculum
921 1276 971 1301 ne
995 1262 1082 1312 quis
1107 1276 1295 1312 umquam
1317 1261 1463 1300 incidat
1485 1261 1522 1299 in
1544 1261 1626 1300 eius

302 1328 407 1367 modi
436 1330 629 1375 consules,
654 1328 879 1378 praesertim
910 1328 941 1366 si
971 1327 1041 1366 erit
1072 1327 1115 1365 iis
1147 1327 1186 1366 id
1216 1329 1324 1377 quod
1349 1327 1515 1366 debetur
1539 1341 1626 1378 per-

301 1395 484 1432 solutum.
544 1393 702 1431 Deinde
730 1406 947 1442 numquam
976 1392 1067 1440 iam,
1093 1400 1135 1430 ut
1165 1406 1291 1442 spero,
1320 1392 1528 1442 quisquam
1556 1392 1626 1431 im-

300 1459 446 1508 probus
476 1457 641 1496 consilio
671 1465 709 1496 et
738 1457 882 1495 auxilio
911 1457 1105 1495 bonorum
1133 1471 1174 1496 se
1201 1471 1427 1507 oppugnare
1453 1471 1533 1495 rem
1558 1471 1626 1508 pu·
1648 1473 1687 1494 20

301 1523 442 1561 blicam
469 1523 573 1561 dicet
601 1522 673 1560 illis
702 1522 934 1569 tacentibus,
959 1535 1031 1560 nec
1056 1522 1193 1560 armati
1219 1522 1409 1560 exercitus
1440 1530 1625 1561 terrorem

301 1597 475 1638 opponet
506 1588 672 1637 togatis3
706 1601 836 1637 neque
865 1587 936 1626 erit
966 1587 1066 1625 iusta
1095 1601 1213 1626 causa
1240 1589 1289 1626 ad
1319 1595 1448 1638 portas
1473 1587 1625 1626 sedenti

302 1653 525 1704 imperatori
556 1667 633 1703 qua
664 1666 702 1691 re
738 1667 851 1690 suum
887 1660 1071 1691 terrorem
1106 1654 1204 1691 falso
1234 1652 1366 1691 iactari
1398 1652 1626 1703 opponique

299 1719 477 1770 patiatur.
536 1720 764 1767 Numquam
786 1723 911 1755 aulem
933 1717 1003 1756 erit
1021 1725 1100 1755 tam
1122 1731 1331 1768 oppressus
1353 1726 1510 1756 senatus
1531 1726 1573 1756 ut
1589 1717 1624 1756 ei

299 1798 349 1824 ne
379 1783 626 1834 supplicandi
655 1783 816 1833 quidem
841 1796 886 1821 ac
914 1783 1073 1833 lugendi
1102 1783 1149 1822 sit
1174 1792 1358 1834 potestas,
1381 1792 1460 1822 tam
1488 1791 1624 1832 captus
1645 1797 1684 1829 25

300 1859 480 1901 equester
496 1851 594 1888 ordo
611 1858 651 1887 ut
669 1849 819 1899 equites
834 1849 1006 1887 Romani
1023 1863 1045 1887 a
1061 1851 1223 1888 consule
1240 1851 1467 1900 relegentur.
1511 1850 1624 1898 Quae

299 1930 389 1954 cum
421 1915 553 1954 omnia
581 1923 699 1965 atque
730 1914 847 1952 etiam
877 1916 1002 1953 multo
1031 1915 1106 1953 alia
1135 1915 1292 1963 maiora,
1315 1928 1416 1965 quae
1446 1915 1626 1952 consulto

299 1990 510 2032 praetereo,
533 1980 779 2027 accidissent,
802 1979 942 2018 videtis
968 1994 1031 2018 me
1055 1988 1186 2019 tamen
1212 1980 1251 2018 in
1274 1994 1401 2018 meam
1423 1978 1625 2030 pristinam

298 2047 528 2097 dignitatem
549 2045 656 2084 brevi
679 2053 854 2096 tempore
875 2045 1021 2084 doloris
1038 2044 1241 2084 interiecto
1257 2045 1309 2084 rei
1328 2044 1508 2095 publicae
1528 2057 1625 2082 voce

299 2125 383 2150 esse
403 2119 640 2150 revocatum.
1645 2122 1685 2154 30

346 2228 357 2246 1
385 2227 448 2256 qua
466 2216 618 2246 Ernesti:
642 2226 708 2254 quo
725 2215 812 2246 codd.
960 2225 978 2254 5
1005 2215 1045 2246 iis
1065 2215 1114 2246 G:
1138 2215 1191 2246 his
1209 2214 1241 2245 P
1259 2214 1322 2245 rell.
1475 2225 1512 2253 14
1538 2225 1624 2255 quae

298 2260 392 2291 PlG:
419 2271 484 2300 qua
507 2259 585 2290 P²B
610 2260 663 2289 all.
860 2269 895 2298 15
930 2259 1063 2289 vocabit
1087 2259 1135 2289 ed.
1156 2259 1214 2289 R:
1248 2258 1379 2288 vocavit
1398 2257 1463 2288 Pl:
1497 2258 1624 2290 vocarit

298 2304 428 2334 Ernesti
534 2305 572 2333 16
597 2303 646 2343 et]
664 2308 720 2333 aut
738 2302 847 2333 Halm
941 2304 979 2333 18
1005 2303 1044 2333 iis
1061 2302 1114 2342 ΡΞ,
1136 2303 1163 2332 is
1180 2301 1235 2342 Pl,
1256 2302 1309 2332 his
1325 2301 1408 2341 3²2,
1429 2313 1494 2332 om.
1513 2302 1619 2333 Sclzol.

298 2357 339 2385 24
373 2352 485 2378 autem
510 2347 621 2387 scripsi
648 2348 678 2383 (ξ
702 2347 783 2384 45>ε
816 2347 903 2376 enim
928 2346 1042 2377 codd.:
1079 2346 1225 2385 denique
1258 2345 1385 2385 Garat„
1418 2345 1509 2376 edd.:
1544 2346 1620 2385 iam,

298 2391 399 2464 {pam
418 2391 473 2421 all.
590 2401 631 2429 29
655 2390 938 2429 brevitatempore
956 2389 1006 2420 P:
1032 2390 1128 2428 ‘sora
1144 2400 1182 2420 ex
1194 2389 1287 2419 brevi
1304 2393 1433 2420 tantum
1451 2390 1621 2429 tempore’

337 2435 406 2464 alm
