1774 2782
257 137 285 173 9
310 143 347 173 23
425 125 640 164 ORATIO
673 124 808 162 POST
841 124 1107 161 REDITVM
1140 124 1216 160 AD
1249 124 1517 171 QVIRITES

305 235 371 286 qui
392 234 562 273 reddidit
584 247 663 271 non
690 234 831 270 habet:
862 232 1023 281 gratiam
1046 240 1084 270 et
1109 232 1175 281 qui
1197 233 1343 271 rettulit
1363 234 1491 280 habet,
1509 241 1545 271 et
1563 234 1629 284 qui

307 301 426 338 habet
447 299 636 337 dissolvit.

360 365 607 413 Quapropter
628 361 858 400 memoriam
880 361 995 399 vestri
1017 361 1187 399 benefici
1214 364 1341 400 colam
1362 362 1628 401 benivolentia

304 428 548 478 sempiterna,
568 441 631 465 nec
649 434 798 465 tantum
816 429 912 465 dum
932 427 1063 464 anima
1084 427 1289 477 exspirabo
1307 442 1404 474 mea,
1423 430 1491 467 sed
1512 429 1629 467 etiam

302 507 392 531 cum
415 507 477 532 me
497 494 577 531 vila
597 493 774 541 defecerit,
799 494 867 530 illa
889 500 1148 530 monumenta
1167 493 1283 531 vestri
1310 493 1349 530 in
1377 507 1440 531 me
1460 494 1627 532 benefici
1649 509 1666 540 5

302 559 598 609 permanebunt.
661 560 708 596 In
730 559 932 596 referenda
959 565 1091 596 autem
1119 558 1239 607 gratia
1266 560 1342 597 hoc
1363 559 1474 597 vobis
1502 574 1628 609 repro-

302 624 415 662 mitto
446 637 678 673 semperque
708 623 927 672 praestabo,
958 622 1054 660 mihi
1084 636 1214 672 neque
1241 623 1280 661 in
1308 624 1481 662 consiliis
1509 626 1559 662 de
1588 639 1627 662 re

300 688 459 738 publica
479 687 680 737 capiendis
702 687 945 737 diligentiam
967 701 1096 737 neque
1118 687 1156 724 in
1179 688 1359 737 periculis
1374 702 1398 727 a
1413 702 1453 727 re
1469 689 1627 739 publica

300 752 574 802 propulsandis
594 752 770 790 animum
793 766 922 802 neque
944 754 982 790 in
1004 753 1199 791 sententia
1219 753 1447 804 simpliciter
1466 756 1627 793 ferenda

301 819 419 856 fidem
437 831 565 867 neque
587 817 626 854 in
648 817 854 855 hominum
872 818 1140 856 voluntatibus
1161 832 1231 868 pro
1249 832 1288 856 re
1302 819 1627 869 publicalaeden-
1650 835 1687 856 10

300 884 359 920 dis
387 882 607 920 libertatern
634 896 706 920 nec
736 882 773 918 in
803 883 1036 931 perferendo
1065 883 1198 921 labore
1227 883 1458 922 industriam
1486 898 1559 923 nec
1586 884 1625 922 in

301 947 435 985 vestris
467 947 687 985 commodis
722 947 912 996 augendis
945 948 1042 997 grati
1072 948 1194 986 animi
1226 949 1531 988 benivolentiam
1562 951 1625 988 de-

242 1030 281 1062 25
302 1014 480 1050 futuram.
541 1015 671 1061 Atque
694 1014 789 1050 haec
810 1026 913 1060 cura,
938 1013 1122 1061 Quirites,
1145 1014 1215 1052 erit
1242 1015 1359 1052 infixa
1383 1015 1515 1053 animo
1536 1029 1625 1054 meo

301 1077 546 1126 sempiterna,
565 1085 607 1114 ut
628 1091 717 1115 cum
735 1077 861 1125 vobis,
878 1078 944 1128 qui
961 1080 1067 1128 apud
1085 1093 1147 1117 me
1164 1080 1328 1117 deorum
1346 1079 1623 1118 immortalium

299 1142 375 1179 vim
398 1150 435 1180 et
457 1156 603 1180 numen
626 1143 778 1190 tenetiS,
804 1151 886 1181 tum
913 1145 1077 1193 posteris
1099 1144 1234 1183 vestris
1255 1145 1485 1195 cunctisque
1505 1146 1625 1195 genti·
1648 1159 1683 1191 15

299 1208 371 1245 bus
402 1207 652 1257 dignissimus
684 1222 729 1246 ea
760 1208 915 1246 civitate
946 1208 1079 1247 videar
1111 1222 1213 1258 quae
1248 1223 1359 1248 suam
1393 1209 1624 1260 dignitatem

300 1286 377 1310 non
401 1285 514 1321 posse
542 1286 582 1310 se
610 1280 751 1320 tenere,
776 1273 849 1311 nisi
879 1288 942 1311 me
970 1274 1233 1324 reciperasset‚
1255 1275 1408 1313 cunctis
1436 1275 1623 1326 suffragiis

299 1337 493 1376 iudicavit.

239 352 284 379 10

245 411 284 441 ²4

346 1452 405 1471 1-2
429 1443 484 1481 qui
503 1442 647 1473 reddidit
665 1466 672 1474 .
695 1468 701 1474 .
719 1467 727 1474 .
747 1443 901 1474 dissolvit
918 1443 964 1474 ad
978 1444 1083 1474 imam
1096 1444 1261 1484 paginam
1281 1443 1354 1475 add.
1373 1443 1418 1474 P'2
1517 1457 1534 1483 4
1560 1457 1622 1476 nee

300 1491 426 1516 tantum
439 1486 515 1516 dum
530 1487 644 1526 scripsi
660 1498 665 1516 :
684 1497 758 1517 cum
773 1487 1002 1528 codd.prae!er
1012 1488 1067 1517 bks
1081 1499 1161 1525 mon
1175 1488 1283 1518 solum
1298 1499 1383 1528 cum⁷
1398 1491 1433 1517 nl
1446 1492 1490 1518 est
1503 1489 1535 1518 in
1552 1489 1622 1520 edd.

300 1530 388 1569 vett.)
407 1540 436 1559 w
447 1530 532 1569 (tum
545 1532 680 1571 etcum)
770 1532 933 1570 expirabo
945 1531 1032 1562 codd.
1052 1543 1058 1562 t
1082 1532 1251 1571 expirabit
1262 1531 1375 1562 Madv.
1519 1542 1537 1571 5
1555 1533 1623 1562 vita

301 1572 460 1603 defecerit
486 1573 543 1603 illa
568 1574 699 1613 scripsi:
724 1575 793 1604 vita
825 1575 987 1605 defecerit
1011 1575 1113 1605 multa
1137 1575 1264 1612 Madv„
1289 1575 1429 1606 Muell.:
1461 1575 1525 1605 ulla
1551 1575 1625 1605 Pet

300 1615 387 1646 codd.
401 1617 482 1656 pler.
503 1619 593 1657 (cum
612 1618 701 1647 nulla
721 1617 781 1648 Gee
798 1630 804 1648 ε
829 1629 903 1649 cum
921 1623 1051 1649 mortuo
1067 1618 1115 1649 b?
1132 1619 1237 1658 vulg&
1317 1630 1337 1657 9
1362 1619 1539 1649 reserenda
1557 1619 1624 1650 bffs

300 1659 352 1690 all.
372 1671 378 1690 :
403 1671 421 1690 e
439 1670 474 1690 re
493 1661 581 1700 publ.
601 1661 739 1692 serenda
752 1661 832 1702 seep
961 1663 999 1691 16
1022 1673 1062 1692 ea
1078 1661 1215 1693 HGbe-s
1231 1673 1237 1692 :
1263 1673 1304 1692 ex
1322 1661 1430 1692 PBect
