1774 2782
99 559 115 590 5

79 882 117 904 10

77 1205 112 1236 15

75 1533 115 1555 20

238 175 310 210 DE
345 173 509 212 DOMO
542 173 643 210 SVA
677 174 752 209 AD
785 172 1118 211 PONTIFICES
1151 172 1364 210 ORATIO
1425 179 1465 215 17

140 282 246 320 illum
270 283 373 321 diem
395 291 461 320 aut
486 281 668 332 auspiciis
689 290 755 319 aut
780 281 1030 319 excusatione
1056 281 1220 328 sustulit,
1244 290 1326 318 tota
1350 295 1466 318 causa

139 347 407 397 iudiciumque
438 348 634 385 sublatum
667 355 747 385 est:
783 348 878 385 haec
906 361 994 384 cum
1028 347 1079 384 ita
1110 346 1185 384 sint
1214 346 1250 383 in
1279 346 1369 392 iure,
1400 346 1465 383 ubi

137 412 283 451 crimen
312 420 380 458 est,
404 412 469 450 ubi
499 420 712 458 accusator,
744 412 809 450 ubi
835 420 964 457 testes,
989 412 1084 461 quid
1113 411 1309 461 indignius
1334 424 1463 460 quam,

137 478 202 527 qui
234 491 361 527 neque
388 478 526 516 adesse
547 477 594 515 sit
620 477 745 515 iussus
771 490 899 526 neque
931 477 1070 514 citatus
1092 490 1220 526 neque
1247 485 1462 522 accusatus,

136 544 186 581 de
203 545 284 581 eius
306 543 444 592 capite,
463 542 603 589 liberis,
624 543 788 580 fortunis
805 542 990 580 omnibus
1011 543 1231 580 conductos
1252 551 1289 579 et
1307 542 1463 579 sicarios

136 616 174 646 et
194 608 342 658 egentis
367 617 404 646 et
426 609 598 658 perditos
624 608 845 657 suffragium
870 609 966 646 ferre
987 615 1024 645 et
1045 621 1130 645 eam
1157 609 1282 657 legem
1307 607 1462 656 putari?

135 676 194 711 Ac
215 676 245 711 si
270 675 345 712 hoc
366 675 415 712 de
438 687 499 711 me
526 674 667 723 potuit,
688 687 805 723 quem
834 675 971 720 honos,
995 687 1112 722 quem
1141 673 1319 722 dignitas,
1343 665 1461 721 quern
1483 661 1497 685 Ι

135 753 262 786 causa,
281 752 397 788 quem
420 752 478 776 res
495 739 652 788 publica
670 739 859 785 tuebatur,
880 738 989 775 cuius
1011 738 1183 787 denique
1199 737 1366 788 pecunia
1382 751 1461 775 non

135 805 398 854 expetebatur,
422 804 484 841 cui
504 804 600 840 nihil
622 804 756 841 oberat
784 812 935 852 praeter
957 803 1253 841 conversionem
1284 811 1404 841 status
1426 811 1463 840 et

136 869 428 907 inclinationem
446 868 716 906 communium
740 876 972 918 temporum,
993 868 1088 917 quid
1110 870 1269 906 tandem
1293 870 1462 915 futurum

135 942 192 971 est
223 933 266 971 iis
296 947 463 983 quorum
495 933 570 971 vita
601 942 750 970 remota
779 934 830 971 ab
860 934 1010 971 honore
1041 933 1219 983 populari
1247 942 1283 972 et
1313 934 1363 971 ab
1392 935 1464 980 hac

134 999 282 1037 inlustri
302 999 421 1048 gratia
442 1007 510 1045 est,
530 998 720 1048 pecuniae
740 1006 870 1035 autem
894 1006 1023 1036 tantae
1045 1007 1133 1036 sunt
1155 1006 1196 1036 ut
1217 1012 1281 1036 eas
1298 998 1462 1035 nimium

135 1064 245 1101 multi
267 1072 424 1113 egentes
446 1063 665 1113 sumptuosi
689 1064 841 1101 nobiles
866 1064 1178 1113 concupiscant?
1238 1066 1345 1110 Date
1361 1066 1461 1101 hanc

134 1130 292 1166 tribuno
322 1129 447 1178 plebis
475 1128 684 1175 licentiam,
716 1137 753 1166 et
784 1128 990 1166 intuemini
1021 1129 1216 1179 paulisper
1243 1130 1383 1167 animis
1409 1130 1460 1166 iu-

134 1202 335 1231 ventutem
380 1202 418 1232 et
459 1207 525 1231 eos
570 1193 738 1231 maxime
783 1195 848 1243 qui
891 1194 1081 1233 inminere
1127 1195 1201 1232 iam
1248 1195 1460 1244 cupiditate

133 1258 313 1296 videntur
337 1258 376 1295 in
397 1258 645 1296 tribuniciam
674 1268 932 1309 potestatem:
968 1259 1144 1309 conlegia
1169 1260 1322 1297 medius
1348 1260 1462 1297 fidius

134 1322 376 1361 tribunorum
406 1323 532 1373 plebis
563 1332 645 1361 tota
670 1323 918 1373 reperientur,
953 1325 1027 1362 hoc
1059 1325 1139 1361 iure
1166 1325 1329 1370 firmato,
1363 1338 1462 1374 quae

133 1396 273 1425 coeant
297 1389 347 1425 de
374 1387 582 1425 hominum
608 1388 1004 1438 locupletissimorum
1035 1388 1159 1435 bonis,
1187 1390 1331 1438 praeda
1359 1403 1461 1438 prae-

133 1452 264 1490 sertim
285 1453 461 1503 populari
483 1462 520 1491 et
541 1467 610 1503 spe
631 1453 842 1503 largitionis
864 1454 1004 1492 oblata.

186 1520 238 1556 At
259 1518 354 1568 quid
376 1518 461 1556 tulit
483 1520 611 1568 legum
634 1519 796 1568 scriptor
817 1519 961 1569 peritus
983 1527 1019 1557 et
1041 1520 1233 1565 callidus?
1291 1522 1461 1558 VEL1T1s

133 1595 320 1621 1vssEAT1s
359 1595 412 1620 VT
451 1585 507 1620 M.
549 1585 709 1621 TVLLIO
749 1596 857 1628 AQVA
899 1596 949 1621 ET
989 1596 1077 1622 lom
1120 1587 1462 1623 1N‘rERD1cA‘rx'R?

134 1648 313 1696 Crudele,
337 1650 541 1695 nefarium,
562 1663 611 1687 ne
633 1649 670 1686 in
700 1649 997 1687 sceleratissimo
1022 1650 1183 1699 quidem
1205 1650 1278 1687 civi
1305 1650 1387 1688 sine
1410 1650 1461 1687 iu-

132 1713 236 1750 dicio
257 1714 464 1751 ferundum
484 1717 490 1752 l
541 1715 631 1752 Non
655 1715 742 1752 tulit
763 1727 814 1752 v's
836 1727 1163 1752 INTERDICATVR.
1213 1715 1321 1763 Quid
1343 1718 1461 1764 ergo?

133 1790 183 1815 VT
215 1791 506 1816 INTERDICTVM
537 1791 608 1817 slT.
669 1780 704 1818 O
735 1793 911 1826 caenum,
940 1793 964 1817 o
993 1787 1229 1829 portentum,
1260 1793 1283 1817 o
1311 1782 1460 1818 scelus!

133 1843 234 1880 hanc
261 1843 331 1881 tibi
358 1845 483 1893 legem
514 1844 678 1882 Clodius
709 1845 861 1895 scripsit
889 1845 1128 1894 spurciorem
1158 1845 1288 1894 lingua
1316 1859 1396 1891 sua,
1419 1854 1460 1883 ut

132 1907 382 1946 interdictum
405 1908 452 1946 sit
473 1908 535 1946 cui
556 1922 637 1946 non
659 1909 706 1947 sit
727 1909 1008 1948 interdictum?
1057 1912 1170 1948 Sexte
1192 1919 1332 1957 noster,
1356 1912 1459 1949 bona

131 1972 255 2019 venia,
287 1973 473 2022 quoniam
505 1974 581 2011 iarn
612 1973 840 2020 dialecticus
870 1988 906 2012 es
934 1982 972 2012 et
1002 1975 1098 2012 haec
1129 1988 1286 2024 quoque
1317 1976 1457 2025 liguris,

131 2038 239 2086 quod
264 2039 409 2075 facturn
441 2052 520 2076 non
549 2046 617 2086 est,
648 2047 688 2076 ut
717 2039 764 2076 sit
792 2040 949 2086 factum,
977 2039 1062 2077 ferri
1091 2040 1140 2077 ad
1172 2042 1362 2089 populum
1393 2048 1458 2078 aut

129 2102 257 2140 verbis
277 2103 364 2141 ullis
385 2103 524 2141 sanciri
545 2112 611 2142 aut
633 2104 820 2153 suffragiis
846 2105 1066 2142 confirmari
1088 2108 1245 2154 potest?
1305 2107 1394 2143 Hoc
1417 2114 1456 2142 tu

178 2217 188 2236 1
216 2208 389 2238 sustulerit
403 2212 440 2238 ut
451 2208 560 2238 Halm
575 2209 619 2238 ita
637 2209 656 2238 k
746 2219 765 2238 2
789 2214 841 2239 est
859 2209 949 2239 codd.
968 2222 973 2240 :
1001 2210 1043 2239 sit
1061 2209 1275 2249 Naegelsbach
1334 2211 1365 2240 in
1388 2212 1457 2240 iure

130 2249 242 2281 Muell.
259 2263 266 2282 ε
291 2252 322 2280 in
342 2262 379 2282 re
396 2251 483 2282 codd.
512 2253 597 2282 “iure
615 2253 671 2291 k):
705 2253 738 2282 in
759 2263 817 2282 reo
835 2252 947 2283 Madv.
1084 2255 1104 2282 6
1129 2259 1166 2284 ct,
1179 2254 1312 2292 egentis
1329 2254 1435 2284 Halm
1452 2266 1457 2284 :

129 2299 162 2323 et
188 2295 298 2332 gentis
318 2294 363 2325 P¹
380 2307 386 2325 :
404 2295 536 2332 egentis
561 2294 605 2324 Ρ2
625 2295 689 2325 rell.
709 2299 839 2334 praeter
854 2296 915 2325 Bw
938 2296 1078 2334 (gentis)
1187 2297 1294 2335 putari
1322 2297 1434 2327 Madv.
1452 2309 1457 2327 t

131 2343 249 2376 putare
263 2337 350 2368 codd.
457 2349 474 2377 7
503 2338 547 2368 At
568 2338 651 2368 GMe
746 2349 783 2377 13
809 2339 940 2368 nobiles
958 2345 1045 2378 susp.
1067 2339 1190 2379 Lange,
1212 2340 1312 2378 quiet
1329 2341 1456 2369 nobiles

130 2380 294 2419 ignobiles
311 2382 390 2411 com'.
501 2392 537 2411 21
566 2383 636 2420 igni
654 2381 757 2412 P¹M2
785 2382 873 2420 ignis
891 2381 968 2411 WB
986 2387 1013 2411 et
1024 2382 1102 2421 pler.
1218 2393 1257 2421 23
1283 2383 1456 2421 serendum

131 2424 208 2454 Blw
340 2435 379 2462 24
409 2425 438 2454 O
458 2435 578 2455 cenum
597 2425 699 2454 BHt:
725 2435 887 2454 oceanum
908 2424 948 2453 Ρι
968 2438 974 2455 :
999 2436 1140 2455 ocenum
1158 2426 1201 2455 F²

1485 184 1525 215 45

1482 708 1524 748 46

1482 1082 1523 1114 47
