1774 2782
487 154 597 191 PRO
629 155 669 190 P.
700 152 891 191 SESTIO
923 152 1139 191 ORATIO
1436 162 1479 199 15
1501 165 1538 197 33

150 265 210 302 lex
244 270 313 311 est,
350 264 417 301 NE
455 274 642 301 Avsmcm
678 274 912 309 VALERENT‚
950 274 1005 300 NE
1040 273 1132 306 Qv1s
1167 273 1476 308 OBNVNTIARET,

150 341 207 366 NE
239 340 330 373 Qx'1s
363 340 457 366 LEGl
494 340 828 374 INTERCEDERET,
862 340 913 365 VT
945 339 1129 366 OMNIBVS
1162 339 1298 366 Fissus
1328 339 1476 365 Dnzssvs

150 405 290 432 LEGEM
335 405 459 431 FERRI
502 404 690 439 LlCERET,
732 405 784 430 VT
825 405 905 430 [ΕΚ
944 395 1089 439 ΑΕΙᾸΑ,
1133 404 1213 430 LEX
1254 394 1381 430 erm
1424 404 1480 430 NE

150 471 364 497 VALERET:
406 472 484 508 qua
515 472 593 496 una
624 459 827 507 rogatione
858 458 945 508 quis
978 465 1034 495 est
1067 458 1132 507 qui
1166 471 1245 496 non
1280 458 1478 508 intellegat

112 541 128 572 5
149 525 370 562 universam
405 537 485 562 rern
521 522 719 572 publicam
755 536 840 561 esse
874 524 1074 561 deletam?
1134 524 1348 573 Isdemque
1387 537 1477 562 con-
1498 533 1536 566 34

150 589 299 627 sulibus
325 588 637 638 inspectantibus
665 601 862 626 servorum
891 589 1057 626 dilectus
1086 587 1305 626 habebatur
1324 602 1395 638 pro
1416 590 1477 626 tri-

150 655 283 692 bunali
311 653 472 692 Aurelio
499 653 662 693 nomine
691 655 971 703 conlegiorum,
995 666 1084 691 cum
1113 652 1269 690 vicatim
1295 654 1476 691 homines

148 718 497 765 conscriberentur,
515 717 818 764 decuriarentur‚
834 719 885 756 ad
899 719 988 764 vim,
1003 718 1053 756 ad
1069 730 1218 763 manus,
1235 718 1284 755 ad
1299 719 1473 766 caedem,

148 783 200 821 ad
233 782 495 833 direptionem
527 782 791 822 incitarentur.
862 784 1076 832 Isdemque
1109 783 1337 821 consulibus
1369 796 1477 821 arma

92 865 131 888 10
150 848 189 885 in
211 849 402 898 templum
420 848 593 886 Castoris
610 849 738 898 palam
756 848 1116 897 comportabantur,
1135 849 1276 897 gradus
1298 849 1475 886 eiusdem

149 915 284 963 templi
305 913 553 962 tollebantur,
576 912 712 951 armati
734 914 915 951 homines
936 914 1062 951 forum
1085 920 1122 951 et
1144 913 1348 951 contiones
1370 920 1475 952 tene-

148 978 254 1025 bant,
286 979 427 1017 caedes
457 978 797 1028 lapidationesque
828 978 999 1025 fiebant3
1034 979 1163 1016 nullus
1193 986 1273 1016 erat
1303 985 1475 1025 senatus,

147 1042 244 1080 nihil
265 1042 402 1093 reliqui
425 1043 694 1093 magistratus:
726 1057 827 1082 unus
855 1057 1015 1081 omnem
1038 1044 1216 1081 omnium
1238 1051 1474 1094 potestatem

147 1107 263 1146 armis
284 1116 322 1147 et
349 1109 559 1147 latrociniis
586 1109 825 1159 possidebat,
850 1122 931 1147 non
955 1110 1086 1159 aliqua
1112 1110 1149 1146 vi
1177 1122 1256 1155 sua,
1280 1110 1360 1156 sed,
1384 1122 1474 1147 cum

92 1192 128 1223 15
147 1174 229 1211 duo
249 1176 431 1212 consules
452 1188 474 1213 a
501 1188 541 1213 re
569 1175 727 1224 publica
754 1175 1043 1225 provinciarum
1067 1176 1224 1213 foedere
1245 1174 1473 1220 retraxisset,

148 1239 370 1287 insultabat,
393 1239 682 1287 dominabatur,
710 1241 794 1278 aliis
824 1239 1092 1290 pollicebatur,
1117 1247 1260 1278 terrore
1289 1253 1335 1277 ac
1365 1248 1471 1277 metu

148 1304 303 1351 multos,
326 1304 445 1354 pluris
473 1306 591 1343 etiam
619 1318 687 1355 spe
714 1313 751 1344 et
779 1306 979 1355 promissis
1007 1304 1177 1343 tenebat.
1238 1305 1351 1352 Quae
1382 1318 1472 1342 cum

146 1375 277 1407 essent
304 1370 387 1408 eius
415 1371 534 1417 modi,
559 1371 717 1416 iudices,
743 1383 832 1408 cum
861 1378 1019 1408 senatus
1047 1371 1168 1408 duces
1190 1370 1318 1408 nullos
1339 1382 1384 1406 ac
1406 1383 1476 1419 pro

147 1434 315 1472 ducibus
332 1434 549 1484 proditores
565 1442 631 1473 aut
648 1436 778 1485 potius
794 1443 949 1484 apertos
966 1436 1089 1473 hostis
1106 1434 1278 1482 haberet,
1294 1442 1476 1484 equester

92 1517 130 1539 20
147 1499 246 1537 ordo
280 1512 366 1537 reus
400 1513 423 1537 a
455 1499 683 1537 consulibus
718 1501 910 1547 citaretur,
945 1501 1081 1538 Italiae
1114 1500 1233 1537 totius
1265 1501 1475 1537 auctoritas

147 1563 425 1614 repudiaretur,
448 1566 511 1602 alii
541 1566 774 1602 nominatim
802 1566 1074 1614 relegarentur,
1096 1565 1159 1602 alii
1187 1572 1293 1602 metu
1322 1572 1359 1601 et
1381 1565 1476 1613 peri-

146 1631 236 1668 culo
269 1636 513 1677 terrerentur,
551 1643 658 1668 arma
691 1638 821 1668 essent
855 1632 894 1668 in
930 1631 1096 1679 templis,
1130 1629 1267 1668 armati
1303 1631 1340 1666 in
1375 1630 1469 1675 foro,

146 1707 271 1744 eaque
305 1707 386 1732 non
416 1695 571 1733 silentio
603 1696 810 1733 consulum
841 1696 1178 1734 dissimularentur
1207 1695 1275 1732 sed
1308 1701 1346 1732 et
1376 1706 1473 1731 voce

146 1766 184 1796 et
215 1758 408 1797 sententia
440 1759 800 1809 comprobarentur,
832 1773 921 1798 cum
957 1772 1096 1798 omnes
1126 1759 1263 1797 urbem
1293 1759 1472 1797 nondum

88 1843 127 1873 ²5
147 1825 317 1862 excisam
338 1832 376 1862 et
392 1838 566 1863 eversam
588 1826 657 1864 sed
680 1825 755 1863 iam
772 1833 926 1875 captam
949 1833 1066 1874 atque
1082 1838 1310 1874 oppressam
1326 1825 1474 1863 videre-

147 1902 257 1926 mus:
287 1896 419 1927 tamen
441 1889 501 1927 his
523 1889 640 1927 tantis
661 1890 773 1927 malis
795 1897 904 1927 tanto
928 1889 1124 1927 bonorum
1146 1888 1286 1935 studio,
1311 1889 1471 1935 iudices,

144 1953 431 2001 restitissemus,
449 1955 518 1993 sed
537 1967 600 1993 me
615 1954 679 1992 alii
695 1963 821 1993 metus
838 1962 956 2004 atque
971 1955 1070 1992 aliae
1084 1966 1199 1992 curae
1215 1953 1474 2003 suspiciones-

144 2031 220 2068 que
242 2027 460 2056 moverunt.

197 2084 402 2134 Exponam
433 2084 538 2122 enim
571 2085 763 2123 hodierno
795 2084 869 2131 die,
901 2085 1060 2130 iudices,
1088 2096 1247 2122 omnem
1280 2085 1469 2122 rationem

187 2190 207 2218 6
231 2188 373 2218 dilectus
390 2199 435 2219 w:
461 2189 524 2219 del.
543 2189 575 2218 P
591 2189 654 2218 rell.
782 2199 802 2227 9
828 2198 919 2218 cons.
942 2187 1175 2217 coniventibus
1193 2188 1271 2218 coni.
1292 2187 1450 2227 Plujgcrs
1466 2200 1472 2218 2

145 2241 236 2262 cons.
259 2232 522 2271 inspectantibus
540 2232 677 2263 Hotom.
797 2242 835 2261 10
861 2231 1023 2270 templum
1038 2231 1229 2270 Naugerius
1248 2233 1281 2270 (2
1296 2243 1297 2259 i
1313 2243 1318 2262 :
1345 2231 1472 2269 templo

144 2274 231 2306 codd.
344 2286 375 2305 ¹1
404 2275 597 2316 contiones]
620 2277 653 2313 §5
672 2286 722 2313 42.
751 2277 831 2304 ¹06:
858 2275 1028 2304 comitium
1049 2274 1126 2304 coni.
1149 2273 1191 2303 K.
1213 2274 1340 2303 Bas-che
1358 2277 1387 2312 :2§
1408 2283 1469 2312 75;

148 2318 234 2349 l'err.
257 2318 276 2356 i,
294 2320 308 2354 5
323 2319 384 2356 583
410 2319 453 2356 iii,
475 2321 545 2357 §93
569 2330 599 2357 v,
621 2320 636 2354 ξ
656 2324 728 2356 17οῆ
839 2320 876 2348 16
903 2318 1139 2348 dominabatur
1156 2317 1214 2347 dcl.
1232 2317 1323 2346 Paul
1394 2317 1469 2346 aliis

145 2361 254 2400 polllc.
277 2362 344 2391 secl.
364 2362 524 2402 I'lmgers
613 2362 803 2391 minabatur
828 2361 909 2401 aliis,
933 2361 1008 2392 aliis
1034 2361 1144 2401 pollic.
1174 2360 1281 2390 Tt'lllcr
1298 2359 1402 2400 (Vcrr.
1425 2361 1468 2399 iv,

144 2406 231 2445 §31)
333 2415 373 2443 25
397 2405 577 2436 exscissam
600 2405 713 2436 Lwnl).

1497 1315 1534 1347 35

1493 2054 1538 2090 16

1494 2113 1535 2151 36
