1774 2782
279 145 329 181 54

278 673 328 710 55

266 732 325 764 ¹40

254 1686 307 1717 141

356 148 411 180 ¹39
718 134 773 170 M.
805 133 970 169 TVLLI
1003 132 1310 170 CICERONIS

350 255 399 280 ne
408 243 532 280 valeat
547 243 585 280 id
594 242 701 291 quod
716 240 917 290 imperitus
931 241 1176 287 adulescens,
1186 253 1312 278 novus
1326 240 1520 286 sacerdos,
1531 241 1672 278 sororis

350 307 541 356 precibus,
553 305 683 344 matris
699 307 813 343 minis
827 307 1032 351 adductus,
1047 306 1212 354 ignarus,
1224 306 1378 352 invitus,
1389 306 1472 343 sine
1487 306 1670 354 conlegis,

348 371 431 409 sine
453 371 570 417 libris,
593 370 676 408 sine
695 378 865 417 auctore,
889 371 972 408 sine
993 371 1140 417 fictore,
1158 371 1301 418 furtim,
1325 378 1457 408 mente
1477 384 1521 408 ac
1543 372 1673 419 lingua

348 436 541 473 titubante
562 435 700 474 fecisse
721 435 895 473 dicatur:
926 434 1151 484 praesertim
1168 449 1259 472 curn
1282 435 1353 473 iste
1368 436 1542 485 impurus
1554 442 1672 484 atque

347 500 489 549 impius
520 501 643 538 hostis
673 500 852 538 omnium
880 501 1125 549 religionum,
1158 502 1225 550 qui
1255 509 1392 538 contra
1422 502 1478 538 fas
1504 508 1544 539 et
1571 501 1672 539 inter

347 565 448 603 viros
470 578 588 615 saepe
610 567 748 603 mulier
771 574 809 603 et
835 567 934 604 inter
962 567 1143 604 mulieres
1169 565 1224 603 vir
1248 565 1392 613 fuisset,
1415 573 1544 615 ageret
1566 565 1670 604 illam

348 645 429 670 rem
460 632 508 669 ita
542 631 681 682 raptim
712 639 749 669 et
779 631 1003 669 turbulente
1038 631 1093 669 uti
1123 644 1254 681 neque
1288 645 1399 669 mens
1435 645 1563 680 neque
1597 645 1671 669 vox

347 710 476 746 neque
497 696 629 746 lingua
644 697 904 735 consisteret?
952 697 1092 734 Delata
1110 704 1193 734 tum
1210 704 1300 734 sunt
1315 710 1358 733 ea
1378 697 1430 734 ad
1449 710 1529 743 vos,
1549 696 1671 746 ponti-

346 763 450 809 fices,
474 770 511 799 et
538 768 626 811 post
653 762 829 799 omnium
856 774 1037 799 sermone
1065 762 1271 807 celebrata,
1295 774 1413 810 quem
1435 762 1484 798 ad
1507 762 1670 799 modum

344 826 416 864 iste
451 826 709 876 praeposteris
744 826 883 873 verbis,
914 826 1115 864 ominibus
1150 827 1344 873 obscenis,
1376 827 1593 864 identidem
1629 839 1670 864 se

344 893 425 941 ipse
442 905 639 937 revocans,
655 891 851 938 dubitans,
872 892 1025 938 timens,
1042 891 1238 929 haesitans
1258 890 1392 929 onmia
1411 892 1520 929 aliter
1539 904 1584 929 ac
1601 904 1670 929 vos

341 957 380 994 in
412 957 679 995 monumentis
712 956 864 995 habetis
897 964 934 995 et
969 956 1229 1007 pronuntiarit
1259 964 1296 994 et
1332 956 1474 994 fecerit.
1547 957 1668 1005 Quod

340 1023 502 1071 quidem
518 1021 678 1059 minime
697 1023 835 1058 mirum
850 1029 919 1068 est,
936 1022 974 1059 in
988 1029 1097 1060 tanto
1112 1023 1257 1060 scelere
1270 1029 1456 1071 tantaque
1469 1022 1668 1059 dementia

340 1100 390 1125 ne
422 1087 611 1125 audaciae
650 1086 812 1136 quidem
853 1088 984 1124 locum
1019 1087 1071 1124 ad
1106 1086 1286 1124 timorem
1322 1087 1664 1136 comprimendum

340 1152 467 1190 fuisse.
542 1151 699 1190 Etenim
739 1151 770 1189 si
810 1165 928 1189 nemo
960 1164 1147 1201 umquam
1182 1152 1329 1201 praedo
1363 1158 1443 1190 tarn
1479 1151 1664 1189 barbarus

338 1225 456 1267 atque
488 1217 668 1255 immanis
699 1217 779 1264 fuit,
810 1217 877 1267 qui
907 1230 997 1255 cum
1028 1218 1118 1255 fana
1147 1218 1362 1267 spoliasset,
1386 1216 1530 1254 deinde
1558 1230 1663 1254 aram

337 1284 510 1332 aliquam
542 1283 580 1320 in
611 1282 722 1321 litore
752 1284 909 1321 deserto
937 1282 1099 1320 somniis
1130 1282 1350 1320 stimulatus
1381 1290 1448 1320 aut
1479 1281 1666 1332 religione

336 1348 467 1398 aliqua
488 1356 745 1394 consecraret,
764 1361 843 1385 non
866 1349 1038 1386 horreret
1057 1347 1191 1386 animo
1212 1361 1301 1386 cum
1323 1347 1500 1385 divinum
1518 1361 1663 1385 numen

338 1414 483 1451 scelere
522 1413 709 1451 violatum
749 1415 901 1463 placare
935 1413 1114 1462 precibus
1146 1421 1359 1463 cogeretur,
1394 1426 1471 1463 qua
1503 1413 1663 1451 tandem

339 1480 455 1516 istum
476 1478 769 1528 perturbatione
791 1479 932 1516 mentis
950 1478 1127 1516 omnium
1148 1480 1385 1528 templorum
1406 1485 1524 1528 atque
1545 1486 1664 1516 tecto-

337 1557 421 1581 rum
458 1544 656 1594 totiusque
687 1544 793 1582 urbis
828 1545 1069 1594 praedonem
1104 1544 1222 1583 fuisse
1257 1544 1436 1591 censetis,
1468 1558 1558 1583 cum
1593 1558 1663 1595 pro

336 1611 599 1648 detestatione
629 1618 685 1647 tot
714 1611 903 1647 scelerum
933 1623 1053 1647 unam
1082 1623 1188 1648 aram
1217 1610 1362 1648 nefarie
1389 1612 1663 1649 consecraret?

339 1676 428 1712 Non
452 1677 578 1724 potuit
600 1677 681 1713 ullo
703 1677 869 1713 modom
881 1689 1122 1725 quamquam
1146 1684 1184 1714 et
1206 1676 1415 1714 insolentia
1436 1675 1661 1714 dominatus

337 1742 526 1778 extulerat
547 1740 700 1778 animos
718 1748 755 1778 et
772 1748 852 1778 erat
869 1741 1088 1779 incredibili
1105 1750 1277 1779 armatus
1297 1741 1599 1779 audacia—non
1622 1741 1659 1779 in

334 1806 491 1854 agendo
521 1819 630 1843 ruere
656 1819 703 1843 ac
730 1818 846 1855 saepe
873 1819 1046 1855 peccare,
1069 1806 1295 1856 praesertim
1324 1806 1390 1844 illo
1417 1807 1603 1856 pontifice
1623 1814 1660 1844 et

336 1871 519 1918 magistro
550 1869 617 1919 qui
651 1878 854 1920 cogeretur
883 1872 1026 1909 docere
1055 1879 1147 1909 ante
1181 1885 1300 1921 quam
1333 1870 1415 1921 ipse
1446 1870 1658 1909 didicisset.

335 1937 482 1984 Magna
508 1935 564 1973 vis
597 1943 653 1973 est
685 1949 773 1973 cum
806 1936 844 1973 in
875 1937 1041 1974 deorum
1073 1936 1355 1974 immortalium
1385 1936 1547 1975 numine
1576 1944 1659 1975 tum

331 2012 422 2037 vero
444 2000 482 2037 in
505 2002 586 2050 ipsa
604 2014 644 2039 re
661 2001 829 2051 publica.
891 2001 942 2039 Di
964 2001 1215 2048 immortales,
1235 2014 1395 2039 suorum
1418 2002 1655 2050 templorum

331 2066 537 2103 custodem
558 2079 604 2103 ac
626 2066 844 2115 praesidem
862 2066 1158 2104 sceleratissime
1180 2067 1334 2116 pulsum
1358 2079 1448 2103 cum
1469 2066 1655 2114 viderent,

330 2143 376 2167 ex
408 2128 485 2166 suis
520 2130 675 2179 templis
710 2131 749 2168 in
784 2131 867 2168 eius
896 2130 1004 2169 aedis
1040 2132 1260 2180 immigrare
1294 2130 1493 2177 nolebant,
1528 2131 1658 2180 itaque

372 2233 392 2262 8
417 2243 456 2262 ea
474 2232 611 2263 addidi:
636 2233 749 2263 delata
767 2239 836 2263 tum
855 2239 933 2263 sunt
951 2235 992 2264 ad
1011 2257 1018 2264 .
1040 2257 1046 2264 .
1067 2257 1074 2263 .
1095 2233 1264 2264 celebrata
1284 2233 1317 2262 P
1334 2233 1397 2263 rell.
1418 2237 1550 2272 praeter
1575 2232 1659 2263 GJWe

330 2275 505 2306 ‹Delatum
532 2281 582 2306 est
607 2276 647 2306 ad
672 2300 679 2307 .
699 2301 706 2307 .
728 2301 734 2307 .
761 2276 979 2317 celebratum)
997 2288 1003 2307 ε
1035 2276 1144 2306 delata
1168 2282 1236 2306 tum
1263 2286 1317 2306 res
1341 2281 1414 2306 est.
1435 2299 1443 2306 .
1463 2299 1470 2306 .
1490 2277 1658 2307 celebrata

328 2318 441 2350 Muell.
593 2330 625 2349 11
661 2330 824 2350 revocans
850 2320 987 2350 Madv.:
1021 2321 1210 2350 revocando
1235 2319 1323 2351 codd.
1466 2330 1506 2358 25
1538 2325 1571 2350 et
1595 2320 1655 2351 del.

328 2361 417 2395 Bait.
553 2374 591 2404 27
618 2364 648 2392 in
668 2363 687 2393 k
704 2362 761 2394 sol.
896 2373 938 2403 30
962 2364 1062 2394 sedes
1079 2362 1226 2393 PBG¹ek

1692 839 1729 861 10

1688 1164 1726 1196 ¹5

1686 1494 1724 1515 20

1682 1818 1719 1849 ²5

1680 2141 1719 2172 30
