1774 2782
467 640 535 688 M.
582 639 799 686 TVLLI
851 637 1251 686 CICERONIS

255 779 541 829 ORATIO
592 780 740 827 CVM
795 778 1076 825 POPVLO
1129 778 1455 826 GRATIAS

770 863 947 910 EGIT

249 999 373 1047 Qvon
391 1006 570 1048 precatus
591 1011 613 1035 a
636 999 731 1036 Iove
753 997 917 1047 Optimo
941 995 1118 1034 Maximo
1136 997 1354 1046 ceterisque
1376 996 1435 1035 dis
1457 996 1524 1035 im—

195 1063 423 1101 mortalibus
448 1077 545 1109 sum,
578 1062 764 1111 Quirites,
789 1075 836 1100 eo
862 1070 1037 1112 tempore
1064 1075 1152 1100 cum
1184 1075 1245 1100 me
1270 1063 1524 1112 fortunasque

194 1141 300 1167 meas
339 1141 409 1178 pro
443 1136 569 1166 vestra
607 1127 878 1166 incolumitate
917 1126 998 1165 otio
1037 1128 1330 1177 concordiaque
1370 1129 1520 1174 devovi,

194 1201 245 1239 ut,
276 1193 306 1231 si
330 1206 437 1231 meas
465 1193 633 1231 rationes
658 1206 847 1242 umquam
876 1199 1026 1230 vestrae
1054 1192 1168 1230 saluti
1195 1193 1519 1242 anteposuisseni,

155 1274 172 1304 5
193 1259 470 1308 sempiternam
495 1271 666 1308 poenam
691 1257 922 1295 sustinerem
952 1270 1039 1295 mea
1059 1258 1261 1296 voluntate
1286 1267 1518 1308 susceptam,

193 1323 253 1360 sin
279 1330 317 1360 et
344 1336 389 1360 ea
416 1336 517 1372 quae
543 1330 634 1360 ante
661 1335 856 1372 gesseram
887 1323 1182 1360 conservandae
1213 1322 1378 1360 civitatis
1405 1336 1522 1361 causa

192 1387 397 1437 gessissem
430 1395 468 1425 et
506 1387 611 1425 illam
652 1389 832 1425 miseram
875 1386 1159 1436 profectionem
1200 1395 1350 1426 vestrae
1389 1388 1522 1426 salutis

192 1452 313 1502 gratia
342 1452 613 1502 suscepissem,
638 1460 679 1490 ut
700 1452 809 1501 quod
837 1451 973 1489 odium
1002 1452 1177 1490 scelerati
1200 1454 1380 1491 homines
1402 1461 1439 1491 et
1459 1467 1522 1491 au·

192 1518 310 1556 daces
335 1517 475 1555 iurem
505 1516 704 1567 publicam
731 1524 768 1554 et
797 1516 836 1553 in
864 1516 993 1554 omnis
1022 1517 1148 1554 bonos
1177 1526 1413 1566 conceptum
1445 1518 1520 1555 iam

136 1597 173 1619 10
191 1582 258 1620 diu
275 1582 530 1629 continerent,
550 1581 589 1620 id
610 1581 649 1619 in
671 1595 734 1619 me
750 1594 830 1619 uno
852 1581 980 1630 potius
998 1594 1114 1631 quam
1137 1581 1175 1619 in
1196 1582 1347 1631 optimo
1364 1596 1522 1632 quoque

191 1655 229 1685 et
250 1647 429 1685 universa
449 1647 605 1685 civitate
626 1647 987 1696 defigerent,—-hoc
1008 1646 1039 1684 si
1061 1646 1194 1684 animo
1216 1647 1254 1684 in
1277 1661 1344 1685 vos
1366 1648 1521 1686 liberos-

191 1725 267 1761 que
289 1720 436 1750 vestros
460 1712 631 1759 fuissem,
656 1720 697 1749 ut
721 1711 936 1761 aliquando
957 1724 1024 1749 vos
1047 1720 1253 1761 patresque
1278 1713 1520 1762 conscriptos

193 1777 426 1827 Italiamque
446 1777 663 1815 universam
687 1777 876 1815 memoria
893 1777 969 1815 mei
987 1776 1251 1815 misericordia
1269 1777 1518 1815 desiderium-

191 1855 266 1891 que
301 1850 474 1881 teneret:
519 1844 601 1881 eius
636 1842 858 1880 devotionis
893 1856 956 1880 me
992 1855 1075 1880 esse
1110 1841 1333 1879 convictum
1374 1842 1520 1880 iudicio

135 1922 170 1953 15
190 1908 353 1945 deorum
380 1908 671 1954 immortalium,
700 1907 927 1946 testimonio
953 1915 1121 1953 senatus,
1145 1920 1340 1944 consensu
1371 1907 1516 1953 Italiae,

189 1973 436 2011 confessione
454 1973 712 2020 inimicorum,
730 1974 923 2011 beneficio
940 1972 1074 2011 divino
1091 1972 1379 2021 immortalique
1393 1980 1520 2010 vestro

1548 991 1563 1016 1

1550 1049 1558 1069 1

190 2038 358 2077 maxime
372 2041 503 2077 laetor.
540 2040 731 2087 Namque,
751 2038 934 2086 Quirites,
955 2038 1025 2076 etsi
1045 2037 1140 2075 nihil
1159 2045 1215 2075 est
1230 2037 1380 2074 homini
1399 2038 1518 2087 magis
1543 2052 1555 2072 2

189 2104 407 2152 optandum
443 2117 561 2153 quam
594 2116 779 2153 prospera
812 2102 1029 2152 aequabilis
1066 2110 1333 2153 perpetuaque
1366 2104 1518 2140 fortuna

236 2217 270 2237 11
299 2208 373 2238 etin
386 2207 459 2238 dett.
530 2209 718 2246 defigerent
730 2208 902 2237 Hotoman
916 2207 967 2246 (cs.
987 2207 1071 2238 Verr.
1084 2207 1158 2238 Act.
1173 2207 1229 2238 Pr.
1254 2209 1268 2244 ξ
1292 2208 1322 2245 ἹἺ
1343 2206 1518 2237 :deficeret

188 2250 277 2282 codd.
294 2251 519 2290 (deserrentb,
535 2252 756 2282 deflecterent
769 2251 802 2291 k>
820 2262 825 2280 :
851 2251 1039 2281 desaeviret
1053 2251 1174 2281 Gesner
1188 2262 1194 2281 :
1221 2251 1402 2290 patefieret
1413 2250 1515 2280 Reid:

189 2304 272 2324 num
296 2295 490 2333 expleretur
505 2298 566 2324 aut
579 2295 828 2325 defervesceret
843 2295 852 2324 ἓ
980 2304 1017 2331 13
1042 2295 1275 2325 misericordia
1297 2293 1515 2324 desiderium-

186 2347 253 2375 que
276 2338 339 2368 Gt:
365 2337 660 2377 misericordiaque
686 2338 888 2368 desiderium
914 2337 947 2366 P
969 2338 1031 2368 rell.
1058 2338 1139 2375 (secl.
1163 2338 1371 2368 desiderium
1391 2337 1513 2369 Malus>

190 2390 226 2419 17
254 2381 417 2420 Namque,
440 2382 593 2420 Quirites
614 2382 747 2421 scripsi:
775 2380 926 2419 Quirites
951 2380 1039 2411 codd.
1066 2381 1197 2421 ilaetor,
1227 2381 1391 2419 Quirites.
1423 2380 1513 2409 Etsi

186 2424 231 2455 ed.
251 2424 292 2454 R.
336 2424 420 2455 Etsi
440 2426 525 2455 enirn
544 2425 699 2464 Hotom.)
721 2436 726 2454 :
751 2424 863 2462 Quare
888 2424 950 2454 etsi
971 2426 1051 2465 (om.
1072 2424 1237 2462 Quiritesfi
1257 2423 1382 2460 Almia,
1404 2423 1514 2453 Muell.

1398 2484 1405 2499 )
1416 2496 1419 2498 ,

1387 2504 1404 2511 .-
