1774 2782
126 853 163 875 10

119 1507 159 1528 20

522 144 632 182 PRO
665 145 704 181 P.
737 144 928 182 SESTIO
959 144 1174 184 ORATIO
1461 157 1512 184 22
1534 163 1575 194 49

186 267 267 293 non
284 253 640 303 restituto‚—quod
660 261 773 301 certe,
793 253 822 291 si
840 267 964 292 essem
984 255 1218 301 interfectus,
1237 254 1414 294 accidere
1433 269 1510 293 non

187 319 566 369 potuisset,—ullam
596 318 648 356 rei
674 318 854 369 publicae
882 326 1031 368 partem
1059 333 1150 357 cum
1175 333 1245 358 sua
1273 320 1434 358 minima
1460 320 1513 358 in-

186 383 289 422 vidia
314 385 475 422 auderet
502 383 721 433 attingere?
779 384 934 422 Servavi
965 384 1080 434 igitur
1105 398 1184 423 rem
1214 385 1412 434 publicam
1438 387 1513 424 dis-

185 462 297 488 cessu
338 462 437 496 meo,
480 448 652 487 iudices:
701 450 863 486 caedem
903 462 925 487 a
965 449 1074 487 vobis
1115 449 1325 500 liberisque
1364 450 1509 496 vestris,

184 516 416 562 vastitatem,
440 513 632 561 incendia,
656 513 809 564 rapinas
833 526 922 552 meo
942 515 1078 552 dolore
1099 517 1285 564 luctuque
1307 515 1451 565 depuli,
1475 524 1512 554 et

183 593 284 618 unus
306 593 386 618 rem
408 579 606 629 publicam
627 579 685 617 bis
701 580 859 626 servavi,
879 580 999 617 semel
1020 579 1150 629 gloria,
1170 579 1308 618 iterum
1325 594 1512 618 aerumna

184 659 281 684 mea.
343 646 484 695 Neque
506 644 610 682 enim
634 644 671 682 in
694 645 770 682 hoc
796 657 859 682 me
880 644 1082 683 hominem
1104 658 1188 683 esse
1210 644 1410 683 infitiabor
1431 660 1512 683 um-

183 724 313 761 quam,
354 717 397 748 ut
435 723 498 748 me
537 709 689 760 optimo
728 711 852 757 fratre,
893 709 1100 747 carissimis
1140 709 1281 757 liberis,
1324 709 1511 749 fidissima

182 777 360 826 coniuge,
393 783 522 814 vestro
550 782 777 826 conspectu,
811 774 948 824 patria,
974 776 1050 813 hoc
1082 775 1242 813 honoris
1275 777 1396 825 gradu
1427 777 1511 815 sine

182 841 318 879 dolore
339 840 509 879 caruisse
532 840 672 891 glorier
692 855 700 888 3
729 841 838 890 quod
863 840 894 878 si
923 840 1115 887 fecissem,
1137 841 1243 890 quod
1264 853 1286 878 a
1308 854 1371 879 me
1393 841 1511 881 bene-

182 905 313 943 ficium
342 905 548 952 haberetis,
578 919 667 944 cum
694 918 763 955 pro
794 904 905 943 vobis
934 918 980 943 ea
1007 918 1108 954 quae
1139 904 1233 942 mihi
1264 913 1394 944 essent
1422 907 1510 944 vilia

181 969 455 1020 reliquissem?
514 971 606 1008 Hoc
635 983 724 1008 meo
751 969 911 1020 quidem
942 969 1076 1007 animo
1104 969 1247 1008 summi
1278 969 1316 1008 in
1344 973 1508 1020 patriam

180 1035 323 1073 amoris
364 1036 439 1073 mei
480 1034 634 1085 signum
674 1048 759 1073 esse
798 1034 918 1073 debet
952 1034 1222 1083 certissimum,
1260 1037 1379 1085 quod,
1418 1050 1507 1074 cum

179 1099 317 1138 abesse
337 1099 388 1138 ab
409 1113 455 1137 ea
475 1099 558 1137 sine
580 1113 737 1138 summo
758 1100 894 1138 dolore
923 1112 1003 1137 non
1024 1112 1192 1149 possem,
1217 1101 1322 1138 hunc
1343 1114 1405 1139 me
1427 1115 1508 1152 per-

143 1179 158 1209 5
179 1165 258 1214 peti
280 1177 398 1214 quam
417 1163 521 1202 illam
539 1164 762 1202 labefactari
776 1164 826 1202 ab
844 1164 1032 1214 improbis
1050 1164 1179 1202 malui.
1232 1165 1504 1213 Memineram,
1528 1189 1569 1220 50

179 1229 340 1275 iudices,
373 1228 550 1267 divinum
583 1230 690 1267 illum
722 1230 845 1267 virum
880 1238 999 1279 atque
1029 1242 1074 1267 ex
1105 1231 1229 1269 isdem
1261 1232 1404 1281 quibus
1435 1245 1506 1270 nos

178 1293 375 1332 radicibus
393 1302 527 1332 natum
544 1295 595 1332 ad
611 1295 774 1332 salutem
793 1295 907 1332 huius
925 1293 1072 1344 imperi,
1090 1296 1133 1334 C.
1151 1295 1334 1343 Marium,
1354 1309 1508 1335 summa

177 1367 391 1405 senectute,
424 1372 514 1397 cum
546 1359 624 1397 vim
656 1373 777 1410 prope
808 1359 997 1398 iustorum
1033 1373 1230 1398 armorum
1260 1362 1504 1412 profugisset,

178 1424 304 1475 primo
325 1424 447 1463 senile
468 1438 610 1474 corpus
632 1424 841 1474 paludibus
862 1426 1080 1463 occultasse
1102 1426 1337 1473 demersum,
1360 1427 1506 1466 deinde

177 1491 228 1528 ad
254 1491 477 1528 infimorum
508 1502 553 1527 ac
584 1488 903 1527 tenuissimorum
935 1488 1141 1527 hominum
1171 1489 1505 1529 Minturnensium

179 1554 485 1593 misericordiam
507 1555 740 1604 confugisse,
761 1555 852 1592 inde
874 1553 1028 1604 navigio
1050 1567 1249 1604 perparvo,
1266 1569 1356 1593 cum
1377 1557 1505 1595 omnis

176 1627 311 1669 portus
339 1628 537 1669 terrasque
565 1620 723 1669 sugeret,
748 1618 785 1655 in
813 1632 900 1656 oras
928 1618 1083 1657 Africae
1110 1619 1393 1659 desertissimas
1424 1635 1506 1670 per-

176 1686 341 1723 venisse.
399 1687 532 1734 Atque
554 1684 616 1722 ille
644 1685 762 1721 vitam
788 1697 910 1729 suam,
934 1697 984 1721 ne
1006 1683 1151 1722 inultus
1173 1692 1286 1732 esset,
1309 1686 1360 1724 ad
1382 1686 1504 1725 incer-

177 1750 366 1789 tissimam
389 1763 497 1799 spem
520 1758 557 1788 et
580 1750 631 1788 ad
660 1750 711 1787 rei
741 1749 922 1799 publicae
950 1751 1146 1787 interitum
1172 1752 1401 1789 reservavit:
1432 1766 1506 1802 ego

177 1814 254 1864 qui,
279 1828 397 1864 quem
418 1815 469 1852 ad
491 1815 653 1853 modum
676 1814 787 1852 multi
816 1815 854 1852 in
880 1822 1016 1852 senatu
1042 1828 1105 1852 me
1125 1815 1290 1853 absente
1311 1815 1503 1863 dixerunt,

176 1881 350 1929 periculo
371 1879 423 1917 rei
445 1879 627 1929 publicae
656 1879 847 1927 vivebam,
871 1879 1018 1929 quique
1045 1880 1098 1918 ob
1122 1893 1208 1917 eam
1230 1894 1387 1919 causam
1410 1895 1503 1919 con-

175 1945 367 1983 sularibus
384 1946 519 1983 litteris
541 1946 590 1983 de
606 1953 763 1983 senatus
785 1944 980 1983 sententia
997 1944 1136 1982 exteris
1152 1946 1378 1984 nationibus
1395 1960 1503 1984 com-

174 2010 401 2057 mendabar,
420 2023 564 2057 nonne,
580 2011 611 2048 si
629 2023 756 2048 meam
779 2010 897 2048 vitam
915 2011 1186 2056 deseruissem,
1206 2023 1285 2048 rem
1304 2011 1501 2060 publicam

217 2116 238 2144 6
262 2114 313 2144 bis
343 2114 371 2144 G
402 2114 436 2154 gb
453 2125 527 2144 cum
552 2114 633 2144 linea
658 2117 804 2145 curvata&
831 2119 859 2144 el
883 2115 916 2143 iu
942 2113 972 2143 P
994 2125 1085 2144 mem.
1113 2115 1279 2144 recenlt‘or:
1308 2115 1358 2144 vis
1381 2114 1422 2144 P¹
1445 2115 1496 2155 r'aef.

174 2158 307 2188 vocavit
322 2159 336 2194 ξ
352 2158 410 2196 51)
427 2168 434 2187 ε
452 2158 544 2188 vobis
558 2157 667 2188 P232.
717 2158 760 2188 Et
772 2158 865 2187 habet
875 2157 979 2188 Scltol.
997 2158 1046 2187 bis
1060 2168 1128 2188 rem
1143 2158 1233 2198 pub.,
1248 2157 1304 2188 sed
1314 2159 1382 2188 sine
1394 2160 1497 2190 vocal).

175 2212 261 2231 unus
370 2202 406 2230 18
431 2201 495 2230 vim
515 2201 605 2231 codd.
623 2212 629 2230 :
653 2201 685 2230 vi
704 2201 810 2231 Halm
900 2201 1042 2239 fugisset
1060 2201 1134 2231 Keil
1221 2212 1263 2232 20
1289 2201 1500 2232 Minturnen-

174 2246 258 2275 sium
287 2244 503 2281 Passeratius,
531 2244 670 2275 chmb.:
707 2244 885 2274 Minturnis
910 2244 996 2274 codd.
1028 2248 1078 2283 <nt
1100 2244 1192 2275 Ball).
1221 2247 1294 2284 §30
1316 2244 1499 2275 Athenisz:

175 2289 242 2318 secl.
265 2287 371 2318 Halm
504 2297 544 2325 23
569 2287 670 2326 Atqui
689 2287 861 2318 Fleckeisen
974 2288 1097 2318 inultus
1115 2288 1160 2318 ed.
1180 2289 1221 2318 R
1240 2300 1246 2318 z
1273 2289 1395 2318 inuitus
1412 2289 1499 2319 codd.

176 2342 215 2369 24
243 2332 412 2361 interitum
430 2332 542 2371 scripsi
554 2341 559 2364 ι
571 2331 619 2361 Cl.
633 2330 696 2369 Qu.
712 2331 754 2363 iii.
770 2337 804 2370 p.
819 2331 894 2369 269)
913 2343 918 2361 ι
945 2336 1050 2361 ratum
1064 2331 1164 2361 Prell.
1181 2343 1187 2361 z
1213 2331 1315 2361 satum
1330 2331 1501 2371 Pantaga-

177 2376 275 2404 tlms:
301 2380 334 2404 et
351 2375 449 2404 alium
465 2375 511 2404 rei
526 2374 600 2413 pub.
614 2379 736 2404 statum
751 2374 862 2404 Garat.
881 2386 886 2403 :
912 2374 1051 2404 vulnera
1066 2379 1133 2404 tum
1152 2374 1278 2405 Urlichs
1294 2387 1299 2404 :
1325 2385 1499 2414 recupera-

178 2419 303 2448 tionem
322 2418 413 2447 Paul
