1774 2782
450 126 559 164 PRO
592 127 632 163 L.
666 126 958 166 CORNELIO
989 127 1170 166 BALBO
1202 127 1417 166 ORATIO
1546 136 1596 175 25
1614 139 1652 175 57

274 250 364 275 nam
395 237 639 286 pervenerit;
681 238 789 287 quod
820 239 883 276 hic
912 239 1123 277 adsecutus
1153 244 1210 275 est
1240 237 1334 287 legis
1365 238 1414 275 de
1443 237 1591 275 ambitu

273 302 446 353 praemio
479 303 607 341 minus
640 302 834 341 invidioso
865 316 982 353 quam
1017 302 1082 353 qui
1117 304 1244 353 legum
1278 302 1458 352 praemiis
1490 316 1595 352 prae-

273 369 411 406 toriam
441 369 673 406 sententiam
696 376 733 406 et
760 376 997 418 praetextam
1024 376 1154 418 togam
1179 376 1485 417 consequuntur.
1544 368 1594 405 Et

273 434 474 483 adoptatio
502 432 736 483 Theophani
763 434 904 483 agitata
933 441 1001 480 est,
1024 447 1093 483 per
1119 447 1236 484 quam
1263 434 1469 471 Cornelius
1497 432 1593 470 nihil

235 511 252 541 5
273 505 330 536 est
365 505 634 548 praeterquam
670 497 980 548 propinquorum
1021 511 1180 537 suorum
1215 496 1450 535 hereditates
1485 498 1593 536 adse-

273 570 395 601 cutus.

328 629 579 678 Quamquam
608 628 769 667 istorum
799 629 962 676 animos,
994 628 1059 679 qui
1088 629 1159 679 ipsi
1188 628 1373 668 Cornelio
1403 627 1593 676 invident,
1612 626 1666 665 26

273 706 353 732 non
375 701 432 731 est
453 693 723 731 difficillimum
741 693 925 744 mitigare.
983 697 1100 732 «More
1122 694 1326 732 hominum
1350 693 1534 740 invident,
1554 693 1593 730 in

273 757 461 797 conviviis
480 758 634 805 rodunt,
662 759 701 795 in
730 758 882 798 circulis
901 759 1083 798 vellicant
1101 775 1107 797 :
1138 772 1219 796 non
1238 758 1306 796 illo
1327 758 1497 805 inimico,
1525 759 1593 796 sed

215 835 254 858 10
273 824 349 861 hoc
369 823 474 860 malo
495 823 612 860 dente
634 831 808 872 carpunt.
868 824 947 872 Qui
968 825 1103 862 amicis
1122 825 1165 861 L.
1182 824 1337 862 Corneli
1359 831 1425 861 aut
1447 822 1592 861 inimici
1614 827 1653 866 58

273 895 363 925 sunt
383 894 449 925 aut
474 886 660 934 invident,
685 887 708 924 ii
735 895 825 926 sunt
851 889 942 926 huic
970 890 1094 926 multo
1119 887 1391 926 vehementius
1416 889 1593 938 pertime-

273 953 419 990 scendi.
481 952 584 989 Nam
606 952 696 989 huic
722 952 882 1002 quidem
909 953 980 1003 ipsi
1006 954 1092 1003 quis
1118 961 1175 991 est
1200 966 1387 1002 umquam
1414 954 1592 991 inventus

273 1015 454 1054 inimicus
488 1023 554 1053 aut
589 1017 675 1066 quis
713 1018 793 1055 iure
829 1031 914 1056 esse
950 1017 1109 1068 potuit?
1168 1018 1297 1066 Quem
1329 1017 1478 1056 bonum
1514 1031 1592 1055 non

273 1081 404 1128 coluit,
427 1080 537 1118 cuius
563 1082 740 1120 fortunae
766 1082 1025 1133 dignitatique
1051 1096 1132 1121 non
1156 1082 1379 1120 concessit?
1408 1084 1593 1121 Versatus

217 1146 313 1192 15in
352 1145 487 1184 intima
528 1146 785 1185 familiaritate
821 1147 992 1186 hominis
1029 1147 1300 1197 potentissimi,
1339 1147 1378 1185 in
1417 1148 1594 1185 maximis

273 1212 414 1249 nostris
447 1212 558 1249 malis
592 1218 710 1261 atque
745 1212 950 1251 discordiis
982 1212 1181 1251 neminem
1217 1225 1403 1261 umquam
1439 1212 1594 1250 alterius

273 1276 431 1315 rationis
460 1290 506 1314 ac
535 1276 652 1326 partis
684 1290 765 1315 non
797 1290 847 1324 re,
885 1291 964 1315 non
1001 1277 1132 1324 verbo,
1166 1290 1246 1315 non
1282 1278 1388 1314 vultu
1424 1277 1595 1326 denique

273 1342 447 1380 offendit.
508 1343 595 1380 Fuit
617 1343 692 1380 hoc
712 1343 791 1380 sive
814 1357 945 1381 meum
968 1344 1047 1380 sive
1069 1343 1121 1380 rei
1142 1342 1321 1392 publicae
1344 1343 1475 1387 fatum,
1494 1349 1535 1379 ut
1557 1341 1595 1378 in

273 1419 336 1444 me
365 1419 488 1443 unum
519 1406 646 1444 omnis
672 1406 736 1444 illa
763 1406 965 1444 inclinatio
992 1406 1261 1445 communium
1293 1414 1512 1455 temporum
1543 1407 1596 1442 in-

215 1487 253 1508 20
272 1471 484 1509 cumberet.
546 1473 637 1510 Non
666 1473 787 1510 modo
814 1486 894 1510 non
922 1471 1126 1510 exsultavit
1151 1473 1190 1509 in
1221 1470 1339 1508 ruinis
1370 1471 1510 1508 nostris
1537 1483 1596 1508 ve—

273 1535 439 1585 strisque
451 1537 632 1574 sordibus
640 1536 857 1583 Cornelius,
870 1538 939 1575 sed
954 1536 1061 1574 omni
1075 1534 1450 1582 officio‚-lacrimis,
1466 1547 1592 1584 opera,

272 1601 739 1648 consolatione—<omnis
762 1615 824 1640 me
841 1602 1004 1640 absente
1021 1615 1129 1640 meos
1147 1601 1371 1639 sublevavit.
1416 1601 1593 1648 Quorum
1617 1614 1656 1644 59

273 1679 345 1715 ego
366 1666 591 1704 testimonio
615 1680 661 1705 ac
688 1668 868 1717 precibus
897 1681 1039 1705 munus
1069 1668 1144 1705 hoc
1170 1667 1349 1704 meritum
1372 1664 1462 1702 huic
1483 1671 1530 1710 et,
1554 1671 1596 1702 ut

272 1744 293 1768 a
315 1731 505 1781 principio
527 1733 615 1779 dixi,
640 1732 779 1770 iustam
803 1740 840 1770 et
864 1733 1037 1770 debitam
1061 1733 1222 1781 gratiam
1240 1731 1372 1776 resero,
1392 1741 1593 1778 speroque,

215 1809 250 1840 ²5
273 1795 432 1842 iudices,
463 1804 505 1834 ut
535 1810 602 1834 eos
633 1797 698 1846 qui
733 1797 925 1847 principes
958 1799 1112 1835 suerunt
1145 1796 1434 1834 conservandae
1464 1793 1596 1832 salutis

271 1868 337 1898 aut
358 1860 555 1910 dignitatis
574 1874 683 1899 meae
702 1861 859 1911 diligitis
883 1869 919 1899 et
935 1874 1044 1898 caros
1063 1860 1226 1907 habetis,
1248 1861 1312 1907 sic,
1330 1873 1429 1909 quae
1450 1859 1499 1897 ab
1521 1860 1595 1896 hoc

271 1939 342 1975 pro
359 1927 539 1964 facultate
560 1926 740 1973 hominis,
761 1939 830 1976 pro
852 1928 940 1964 loco
960 1927 1060 1964 facta
1078 1934 1177 1972 sunt,
1199 1932 1236 1962 et
1257 1933 1361 1974 grata
1381 1937 1464 1962 esse
1485 1923 1594 1962 vobis

271 1997 309 2028 et
340 1990 513 2040 probata.
574 1992 665 2029 Non
694 1990 807 2039 igitur
838 2004 859 2028 a
888 1991 977 2036 suis,
1008 2003 1106 2039 quos
1142 1990 1269 2026 nullos
1307 1989 1436 2035 habet,
1471 1989 1538 2026 sed
1572 2001 1593 2025 a

319 2104 329 2123 r
359 2094 512 2131 pervenit
531 2094 643 2125 Madv.
656 2093 790 2134 improb.
804 2093 957 2124 Zz'clinsk.
1047 2104 1066 2123 2
1093 2093 1256 2123 invidiose
1267 2092 1359 2122 Paul
1447 2100 1485 2121 10
1510 2091 1594 2120 malo

271 2148 307 2169 w.
332 2137 441 2168 Muell.
464 2138 554 2176 prob.
586 2136 762 2167 Zt'elt'nsk.:
797 2137 881 2167 male
907 2135 1117 2167 PBGHEk:
1142 2136 1305 2167 maledico
1334 2134 1523 2173 Naugcm‘us
1544 2134 1594 2172 (ι)

270 2181 349 2219 (hoc
386 2180 619 2217 maledicente,
653 2191 716 2210 om.
745 2180 845 2210 dente
871 2180 901 2209 Ι)’2
927 2179 996 2210 edd.
1028 2179 1084 2219 R,
1119 2179 1190 2218 V.):
1227 2179 1374 2218 maligno
1407 2176 1520 2208 filadv.
1559 2187 1591 2206 11

271 2224 290 2253 ii
323 2224 359 2254 k:
399 2224 432 2254 hi
467 2224 530 2254 rell.
701 2234 743 2253 20
773 2223 899 2254 nostris
923 2223 1112 2262 vestrisque
1137 2223 1293 2253 sordibus
1318 2221 1414 2258 Paul,
1443 2220 1593 2251 Mueller:

271 2267 390 2298 vestris
412 2267 603 2306 nostrisque
625 2267 802 2297 discordiis
825 2266 912 2297 codd.
931 2266 1015 2306 (secl.
1034 2267 1209 2297 discordiis
1231 2266 1356 2303 Bam:
1394 2265 1518 2295 nostris
1539 2274 1595 2293 ve-

271 2311 416 2350 strisque
435 2311 513 2341 disc.
535 2310 631 2340 Klotz
652 2311 728 2340 secl.
755 2310 834 2340 dise.
853 2310 996 2348 KaysA:
1028 2310 1152 2340 nostris
1172 2309 1383 2348 lacrimisque
1409 2308 1481 2345 (dcl.
1509 2308 1529 2338 l.
1553 2316 1591 2336 21

271 2354 431 2384 lacrimis*
446 2353 558 2384 Madv.
665 2364 698 2383 21
723 2353 882 2393 lacrimis]
897 2354 1018 2384 amoris
1030 2353 1120 2383 Paul
1220 2363 1258 2391 27
1277 2351 1420 2382 hominis
1440 2350 1592 2381 Mueller:

272 2398 369 2427 huius
387 2397 473 2428 codd.
492 2409 497 2426 :
523 2398 594 2427 eius
615 2396 731 2427 Lamb.
750 2409 756 2427 :
780 2397 838 2428 dcl.
859 2397 991 2427 Garan:
1018 2396 1237 2434 facultatibus,
1257 2406 1317 2435 pro
1334 2395 1425 2425 Paul
