1774 2782
107 534 124 565 5

88 863 124 885 10

80 1511 120 1533 20

75 2159 116 2191 30

284 150 358 186 DE
391 149 761 187 HARVSPICVM
794 148 1080 187 RESPONSO
1112 149 1328 187 ORATIO
1424 156 1472 196 15
1492 167 1532 199 33

148 272 224 308 que
245 272 293 296 ne
322 260 407 308 quis
433 272 608 297 meorum
638 260 865 308 imprudens
894 259 1145 308 introspicere
1172 266 1278 297 tuam
1307 260 1472 298 domum

148 322 268 373 possit
299 337 343 361 ac
376 331 413 361 te
445 336 551 361 sacra
586 323 650 361 illa
683 331 748 361 tua
780 323 986 362 facientem
1018 323 1160 370 videre,
1193 326 1328 363 tollam
1357 324 1472 363 altius

147 396 304 434 tectum,
330 402 408 426 non
431 395 472 425 ut
500 401 572 437 ego
600 396 637 427 te
665 388 893 438 despiciam,
915 390 984 427 sed
1006 396 1047 426 tu
1074 402 1123 427 ne
1144 389 1309 439 aspicias
1331 390 1468 428 urbem

147 468 232 493 eam
255 467 371 504 quam
393 455 523 492 delere
544 454 711 492 voluisti.

201 520 278 557 Sed
309 519 383 556 iam
414 518 664 568 haruspicum
695 519 843 568 reliqua
872 532 1058 569 responsa
1086 519 1301 558 videamus,
1362 521 1470 559 ORA-

146 596 277 623 TOREs
304 596 473 621 CONTRA
504 596 566 622 ivs
600 596 753 628 FAsQVE
784 597 1079 623 1NTERFECTos.
1142 586 1250 634 Quid
1278 594 1336 624 est
1364 587 1471 624 hoc?

148 651 210 687 De
244 648 517 687 Alexandrinis
553 663 638 687 esse
677 650 792 687 video
833 663 1080 698 sermonem;
1125 664 1242 700 quem
1277 664 1350 701 ego
1390 664 1470 689 non

146 715 281 752 refuto.
355 713 418 751 Sic
452 714 557 751 enim
593 714 731 761 sentio,
773 714 832 753 ius
868 716 1098 764 legatorum,
1133 729 1220 753 cum
1264 715 1469 753 hominurn

144 778 338 828 praesidio
361 778 555 816 munitum
578 778 636 826 sit,
662 786 744 816 tum
767 778 884 817 etiam
907 779 1040 817 divino
1062 779 1142 818 iure
1164 794 1248 818 esse
1270 781 1467 818 vallatum.

145 844 221 882 Sed
243 856 388 893 quaero
409 844 459 881 ab
482 843 548 881 illo
575 843 641 893 qui
669 843 797 882 omnis
825 844 975 882 indices
997 844 1175 882 tribunus
1203 859 1224 883 e
1252 858 1404 883 carcere
1430 846 1469 882 in

143 909 269 947 forurn
292 908 439 955 effudit,
463 907 573 946 cuius
594 908 754 946 arbitrio
781 908 885 946 sicae
912 923 1017 947 nunc
1039 923 1177 948 omnes
1197 918 1315 960 atque
1337 910 1471 948 omnia

144 987 294 1012 venena
327 981 550 1020 tractantur,
585 973 653 1023 qui
685 987 774 1012 cum
811 976 1060 1013 Hermarcho
1096 975 1198 1014 Chio
1231 977 1469 1026 syngraphas

143 1039 244 1086 fecit,
264 1039 407 1090 ecquid
429 1039 523 1077 sciat
545 1053 668 1077 unum
686 1040 918 1078 acerrimum
935 1041 1200 1079 adversarium
1219 1043 1465 1089 Hermarchi,

141 1104 430 1151 Theodosium,
450 1106 620 1154 legatum
646 1106 696 1143 ad
721 1113 901 1143 senatum
929 1119 953 1143 a
979 1105 1135 1145 civitate
1162 1106 1284 1145 libera
1305 1107 1466 1145 missurn

141 1169 220 1207 sica
250 1171 507 1219 percussum?
542 1171 651 1219 quod
683 1183 763 1208 non
800 1170 929 1208 minus
961 1184 1079 1220 quam
1111 1173 1161 1210 de
1190 1172 1466 1211 Alexandrinis

140 1234 344 1284 indignum
380 1234 440 1273 dis
476 1234 762 1273 immortalibus
798 1249 882 1274 esse
916 1235 1040 1273 visum
1075 1244 1182 1274 certo
1216 1236 1307 1275 scio.
1381 1239 1466 1277 Nec
1488 1251 1528 1281 35

140 1301 300 1338 confero
322 1313 425 1337 nunc
453 1299 491 1336 in
518 1307 556 1337 te
576 1313 698 1337 unum
722 1300 866 1338 omnia.
927 1302 1024 1350 Spes
1052 1302 1174 1339 maior
1195 1309 1298 1340 esset
1319 1302 1463 1350 salutis,

140 1364 171 1402 si
196 1371 346 1414 praeter
371 1371 408 1402 te
436 1377 554 1402 nemo
579 1371 681 1402 esset
711 1363 912 1414 impurus3
942 1366 1072 1415 plures
1103 1374 1218 1413 sunt3
1253 1368 1328 1405 hoc
1357 1375 1395 1406 et
1425 1375 1466 1406 tu

140 1429 209 1467 tibi
244 1429 410 1467 confidis
446 1428 566 1478 magis
601 1436 639 1467 et
679 1442 750 1467 nos
790 1443 911 1479 prope
951 1429 1032 1467 iure
1071 1430 1294 1470 diffidimus.
1368 1432 1466 1481 Quis

141 1495 334 1532 Platorem
371 1508 416 1532 ex
452 1493 644 1540 Orestide,
680 1507 781 1543 quae
816 1508 903 1544 pars
940 1495 1203 1534 Macedoniae
1243 1497 1363 1535 libera
1395 1506 1464 1546 est,

139 1558 340 1597 hominem
363 1559 401 1597 in
427 1559 500 1597 illis
528 1559 624 1597 locis
653 1561 798 1597 clarum
827 1573 872 1598 ac
898 1561 1083 1607 nobilem,
1108 1562 1278 1610 legatum
1300 1563 1465 1601 Thessa-

138 1623 306 1661 lonicam
336 1625 387 1662 ad
417 1632 604 1670 nostrum,
635 1631 677 1661 ut
708 1637 748 1661 se
778 1623 861 1673 ipse
890 1624 1110 1674 appellavit,
1147 1625 1465 1675 ‘imperatorem'

137 1688 290 1726 venisse
319 1688 472 1726 nescit?
506 1701 624 1738 quern
655 1688 719 1726 ille
750 1696 907 1738 propter
936 1689 1156 1738 pecuniam,
1189 1704 1306 1740 quam
1337 1692 1387 1730 ab
1416 1706 1465 1730 eo

137 1760 366 1803 extorquere
394 1767 473 1792 non
504 1762 665 1804 poterat,
691 1754 729 1792 in
758 1754 886 1793 vincla
916 1755 1094 1802 coniecit,
1118 1764 1156 1794 et
1184 1756 1381 1795 medicum
1411 1757 1464 1795 in-

1491 491 1538 527 16

1492 561 1531 590 34

99 1836 114 1867 .'
138 1818 305 1857 tromisit
334 1833 447 1857 suum
479 1820 546 1869 qui
574 1822 702 1870 legato
730 1820 838 1858 socio
869 1820 998 1858 amico
1025 1822 1148 1859 libero
1173 1821 1398 1861 foedissime
1425 1831 1463 1861 et

136 1884 405 1923 crudelissime
427 1899 544 1923 venas
566 1885 765 1924 incideret.
818 1886 972 1924 Securis
994 1900 1082 1924 suas
1104 1887 1295 1925 cruentari
1318 1890 1462 1927 scelere

135 1949 284 1988 noluit:
318 1963 462 1989 nomen
494 1950 654 2000 quidem
686 1953 822 2002 populi
855 1951 1026 1990 Romani
1058 1959 1168 1990 tanto
1197 1953 1342 1991 scelere
1372 1967 1462 1992 con-

135 2013 337 2052 taminavit
358 2023 400 2052 ut
427 2015 467 2053 id
495 2017 601 2053 nulla
629 2030 668 2054 re
696 2018 817 2066 possit
846 2016 917 2054 nisi
941 2016 1061 2066 ipsius
1089 2017 1281 2066 supplicio
1302 2017 1458 2067 expiari.

136 2079 274 2127 Qualis
301 2080 406 2118 hunc
433 2080 633 2119 carnifices
663 2089 845 2131 putamus
874 2081 1028 2128 habere,
1058 2081 1124 2130 qui
1152 2081 1268 2119 etiam
1296 2082 1458 2120 medicis

135 2144 214 2182 suis
235 2157 314 2183 non
335 2146 385 2183 ad
407 2147 569 2184 salutem
593 2147 661 2184 sed
682 2147 732 2185 ad
754 2160 891 2184 necem
914 2148 1071 2184 utatur?

189 2210 266 2248 Sed
306 2211 512 2249 recitemus
551 2210 646 2261 quid
686 2219 880 2261 sequatur.
956 2213 1094 2249 From
1132 2224 1278 2257 lx'SQVE
1313 2225 1453 2250 IVRAN-
1476 2197 1516 2236 ¹7

134 2287 223 2312 DVM
257 2287 519 2313 NEGLECTVM.
582 2278 674 2315 Hoc
704 2277 799 2326 quid
830 2276 877 2314 sit
907 2290 975 2326 per
1004 2291 1045 2316 se
1076 2277 1202 2328 ipsum
1234 2291 1314 2316 non
1346 2278 1456 2316 facile
1478 2250 1517 2288 36

182 2389 194 2409 Ι
223 2379 327 2418 possit
347 2384 435 2409 tuam
458 2381 589 2410 domum
610 2380 725 2409 HMbk
826 2391 846 2419 9
871 2380 1023 2411 vallatum
1044 2381 1097 2411 b‘lz
1121 2381 1264 2411 velatum
1285 2381 1457 2412 PBHEle:

135 2423 290 2453 vellatum
309 2422 336 2452 G
424 2433 462 2461 24
488 2423 595 2453 vincla
610 2423 679 2453 PH
693 2428 720 2453 e!
733 2423 810 2463 siler.
827 2436 832 2453 t
858 2425 988 2454 vincula
1007 2424 1046 2453 hh
1135 2435 1172 2463 31
1200 2426 1286 2463 quod
1305 2427 1457 2464 sequitur

137 2478 150 2497 c
169 2467 286 2496 Laud).

1331 2513 1368 2541 g*
