1774 2782
146 859 183 879 10

141 1508 179 1528 20

302 152 376 189 ln«)
407 152 732 189 PROVINCIIS
764 151 1190 189 CONSVLARIBVS
1223 152 1438 190 ORATIO
1487 161 1532 188 10
1556 167 1594 197 24

208 258 294 307 plus
315 257 396 296 otio
416 272 534 308 quam
559 257 759 296 communi
786 257 1082 308 prospexerint?
1140 261 1225 308 Ego
1248 272 1308 297 me
1327 273 1350 296 a
1371 261 1414 298 C.
1438 261 1532 299 Cae·
1555 276 1592 307 ²5

207 336 292 361 sare
317 323 354 360 in
381 337 420 361 re
445 323 602 373 publica
625 322 855 361 dissensisse
886 323 1008 361 fateor
1038 331 1076 361 et
1106 324 1273 361 sensisse
1303 323 1531 370 vobiscum;

206 390 275 426 sed
291 402 394 426 nunc
412 388 536 427 isdem
557 388 669 427 vobis
685 388 885 427 adsentior
901 402 991 426 eum
1008 389 1151 438 quihus
1168 397 1283 428 antea
1299 390 1527 428 sentiebam.

206 454 287 490 Vos
309 453 424 499 enim,
448 455 498 491 ad
520 467 619 503 quos
647 453 792 492 litteras
820 455 859 491 L.
887 453 976 491 Piso
1001 455 1051 492 de
1072 455 1150 492 suis
1176 454 1290 492 rehus
1312 468 1390 493 non
1412 457 1530 494 audet

207 517 370 564 mittere,
393 518 460 567 qui
482 517 627 556 Gabini
650 519 796 556 litteras
816 518 956 568 insigni
980 520 1152 568 quadam
1174 527 1267 557 nota
1286 527 1404 569 atque
1427 521 1530 570 igno-

205 585 325 621 minia
350 597 451 621 nova
476 584 786 631 condemnastis,
808 586 853 623 C.
878 585 1036 623 Caesari
1065 585 1370 634 supplicationes
1399 586 1527 624 decre-

204 649 311 686 vistis
343 662 506 687 numero
537 656 578 687 ut
609 650 756 687 nemini
779 662 860 686 uno
889 662 936 687 ex
965 648 1081 695 bello,
1114 650 1264 688 honore
1294 657 1335 687 ut
1365 651 1528 689 omnino

204 713 362 750 nemini.
423 714 504 752 Cur
535 714 648 762 igitur
678 721 902 763 exspectem
933 714 1136 751 hominem
1166 715 1337 764 aliquem
1368 717 1433 765 qui
1466 730 1528 754 me

202 791 292 816 cum
320 778 386 816 illo
415 779 453 816 in
477 780 639 827 gratiam
670 780 863 817 reducat?
922 779 1094 817 Reduxit
1124 781 1221 818 ordo
1250 780 1524 830 amplissimus,

202 851 240 880 et
260 844 358 880 ordo
380 842 410 880 is
432 844 498 892 qui
520 850 578 881 est
599 851 637 881 et
658 844 804 893 publici
826 843 964 882 consili
982 852 1019 882 et
1041 857 1216 882 meorum
1239 846 1416 883 omnium
1437 860 1527 885 con-

201 907 375 945 siliorum
396 916 532 946 auctor
552 916 590 947 et
612 910 803 958 princeps.
865 911 946 947 Vos
970 923 1124 959 sequor,
1149 917 1275 959 patres
1302 913 1522 962 conscripti,

201 972 312 1010 vobis
334 973 578 1023 obtempero,
598 974 709 1011 vobis
729 975 940 1021 adsentior,
960 976 1038 1024 qui,
1057 987 1175 1024 quam
1198 975 1264 1012 diu
1283 976 1326 1014 C.
1347 976 1524 1014 Caesaris

199 1039 363 1076 consilia
392 1039 429 1075 in
460 1052 499 1076 re
530 1039 687 1088 publica
717 1052 797 1076 non
828 1041 996 1078 maxime
1020 1039 1249 1089 diligebatis,
1277 1054 1340 1078 me
1365 1054 1524 1092 quoque

200 1116 289 1140 cum
319 1104 384 1141 illo
411 1105 541 1141 minus
569 1105 824 1142 coniunctum
852 1105 1070 1143 videbatis:
1102 1113 1235 1154 postea
1262 1119 1379 1154 quam
1409 1108 1523 1145 rebus

163 1185 176 1214 ς
198 1171 317 1218 gestis
338 1169 481 1206 mentis
502 1178 646 1207 vestras
669 1171 969 1220 voluntatesque
990 1172 1180 1215 mutastis,
1205 1184 1267 1208 me
1295 1184 1374 1209 non
1396 1174 1523 1211 solum

200 1235 386 1272 comitem
426 1248 512 1273 esse
556 1236 775 1273 sententiae
815 1243 965 1273 vestrae
1008 1237 1077 1273 sed
1118 1237 1235 1273 etiam
1279 1237 1521 1275 laudatorem

199 1299 361 1337 vidistis.

254 1366 331 1402 Sed
352 1365 448 1414 quid
469 1372 527 1402 est
543 1366 652 1414 quod
670 1366 707 1402 in
725 1366 797 1402 hac
815 1378 930 1403 causa
948 1366 1116 1403 maxime
1134 1367 1313 1403 homines
1331 1366 1521 1404 admiren-

199 1436 259 1467 tur
280 1436 317 1467 et
342 1430 630 1478 reprehendant
659 1443 790 1467 meum
815 1431 1033 1475 consilium,
1058 1443 1147 1467 cum
1177 1443 1249 1479 ego
1277 1431 1381 1468 idem
1409 1439 1523 1469 antea

199 1495 321 1531 multa
342 1494 531 1532 decrerim
554 1508 655 1543 quae
676 1496 797 1544 magis
818 1495 867 1532 ad
890 1496 1060 1532 bominis
1082 1496 1311 1544 dignitatem
1334 1509 1450 1544 quam
1473 1497 1523 1534 ad

198 1560 251 1597 rei
265 1558 446 1608 publicae
463 1559 735 1597 necessitatem
753 1560 1019 1609 pertinerent?
1060 1560 1395 1608 Supplicationem
1413 1561 1522 1609 quin-

197 1623 326 1661 decim
358 1624 509 1662 dierum
542 1625 695 1662 decrevi
731 1626 924 1662 sententia
956 1638 1051 1662 mea.
1114 1625 1186 1662 Rei
1219 1624 1398 1674 publicae
1430 1627 1520 1663 satis

197 1696 277 1727 erat
298 1696 355 1726 tot
380 1688 532 1726 dierum
561 1697 656 1738 quot
678 1689 722 1728 C.
748 1690 902 1737 Mario;
931 1690 991 1727 dis
1020 1688 1304 1727 immortalibus
1335 1703 1414 1727 non
1441 1698 1520 1728 erat

197 1754 334 1802 exigua
359 1754 498 1791 eadem
527 1755 734 1803 gratulatio
763 1767 863 1803 quae
888 1767 934 1792 ex
963 1755 1139 1791 maximis
1168 1753 1304 1801 bellis;
1333 1768 1423 1803 ergo
1457 1756 1519 1793 ille

197 1818 377 1855 cumulus
394 1819 545 1856 dierum
568 1819 737 1856 hominis
754 1826 811 1856 est
832 1819 1009 1868 dignitati
1027 1818 1203 1856 tributus.
1262 1820 1310 1856 In
1334 1833 1412 1868 quo
1433 1833 1515 1868 ego,
1542 1839 1555 1858 2

196 1895 276 1932 quo
297 1883 458 1920 consule
479 1883 669 1920 referente
690 1884 859 1932 primum
880 1884 1019 1920 decem
1035 1882 1186 1921 dierum
1208 1891 1265 1921 est
1286 1885 1517 1933 supplicatio

196 1949 353 1986 decreta
391 1949 464 1987 Cn.
509 1949 698 1997 Pompeio
740 1949 970 1987 Mithridate
1013 1950 1215 1987 interfecto
1255 1957 1292 1987 et
1335 1952 1515 1987 confecto

197 2014 467 2051 Mithridatico
489 2013 603 2059 bello,
627 2020 665 2051 et
687 2013 797 2051 cuius
825 2015 1018 2051 sententia
1046 2015 1213 2063 primum
1243 2016 1438 2063 duplicata
1460 2024 1516 2053 est

195 2079 427 2128 supplicatio
440 2079 665 2124 consularis,
679 2079 819 2115 -mihi
835 2078 938 2116 enim
955 2079 1046 2116 estis
1059 2079 1324 2125 adsmisicum,
1341 2081 1516 2118 eiusdem

1543 1358 1577 1383 11

1545 1410 1581 1436 20

1564 1838 1579 1868 *J

137 2155 149 2166 “
197 2144 360 2192 Pompei
382 2143 516 2181 litteris
538 2144 717 2190 recitatis,
741 2144 930 2181 confectis
961 2144 1146 2181 omnibus
1175 2143 1376 2181 maritimis
1403 2152 1516 2182 terre-

195 2207 417 2258 stribusque
427 2208 548 2255 bellis,
566 2208 1056 2258 supplicationemdierum
1071 2209 1208 2246 decem
1223 2209 1458 2253 decrevistis,
1469 2232 1516 2236 *-

242 2321 280 2341 10
305 2315 355 2340 est
373 2316 405 2341 et
422 2310 574 2342 HGEbc:
599 2316 649 2341 est
670 2311 701 2340 P
715 2311 778 2343 rell.
904 2322 939 2349 14
967 2312 1065 2342 rebus
1085 2312 1156 2341 eius
1173 2312 1279 2348 gestis
1296 2314 1376 2342 cons.
1399 2311 1514 2342 Halm.

194 2354 288 2384 Num
306 2354 405 2384 rebus
421 2354 508 2384 bene
525 2355 652 2393 gestis?
726 2365 766 2385 20
788 2355 951 2385 decrerim
966 2356 1052 2385 ΒΣίε
1073 2355 1274 2384 decrcmrim
1288 2354 1334 2384 P:
1357 2356 1516 2385 decreve-

196 2398 257 2427 rim
276 2397 406 2428 HGE&-
531 2408 569 2436 31
605 2399 743 2429 deorum
760 2397 863 2428 ΡΒΣί
977 2399 1093 2429 decem
1113 2398 1305 2427 Manutius:
1341 2399 1515 2428 duodecim

195 2441 228 2472 P
241 2444 268 2471 el
283 2440 369 2471 codd.
379 2440 456 2481 pler.
