1774 2782
669 157 1078 198 PRAEFATIO

210 271 430 324 Dom.§47
446 270 586 323 legum
594 266 793 326 scriptor]
803 271 942 323 legum
958 270 1204 322 scripturae
1213 269 1283 309 vel
1287 271 1470 323 scriptor
1483 269 1535 320 G,

209 341 230 394 ξ
246 341 296 379 61
327 353 400 380 nec
413 340 606 380 omnium
627 336 836 395 hostium]
856 353 928 379 nec
947 340 1236 379 communium
1260 338 1450 379 hostium
1473 339 1541 380 vel

207 409 398 449 omnium
420 407 471 449 G.
535 408 596 449 Cf.
610 421 721 461 quae
735 407 984 461 scripsimus
999 408 1041 447 in
1062 406 1271 449 Classical
1286 406 1534 459 Quarterly‚

210 477 335 531 l.c.,p.
350 478 426 530 169
441 491 549 530 sqq„
560 477 633 517 ubi
646 477 873 530 apparebit
888 483 931 517 et
948 476 1145 516 ordinem
1158 477 1391 517 verborum
1405 490 1535 529 saepe

208 547 438 587 numeroin
456 548 550 587 cod.
567 546 605 587 G
620 547 896 586 immutatum
913 553 956 586 et
968 546 1195 586 turbatum
1210 558 1312 586 esse.
1346 544 1436 585 Sed
1449 546 1535 586 alia

208 622 306 655 sunt
331 616 453 668 signa
471 617 583 655 unde
605 616 806 668 colligere
828 615 967 667 possis
988 613 1117 654 huius
1139 614 1300 654 codicis
1321 613 1532 666 originem

208 697 305 723 cum
318 684 554 733 Parisiensi,
566 691 612 724 ut
628 684 688 724 ait
701 684 961 737 Madvigius,
973 683 1371 724 coniunctissimam
1386 696 1478 724 esse
1491 691 1534 724 et

208 752 593 792 ferecommunem.
628 751 820 793 Primum
833 753 948 792 enim
970 752 1042 792 illa
1057 751 1256 792 foliorum
1272 753 1533 806 permutatio

207 833 318 873 quae
341 827 433 861 erat
454 821 510 861 ad
534 820 649 861 Cael.
674 821 695 874 ᾧ
720 832 769 872 17
794 821 836 861 in
859 834 911 861 eo
933 821 1084 861 codice
1105 834 1162 860 ex
1185 834 1272 874 quo
1294 822 1533 875 descriptus

208 897 270 930 est
297 890 338 929 Ρ
360 890 415 942 (ν.
441 889 587 939 Halm,
608 889 694 929 Rlc.
718 889 852 939 M‘us„
874 890 933 937 ix,
954 904 994 942 p.
1016 902 1113 944 323,
1136 890 1179 929 in
1209 890 1377 945 annot.)
1398 891 1532 930 etiam

208 958 248 998 in
273 957 579 999 Gemblaeensi
601 966 838 1012 comparet.
910 959 1081 1000 Deinde
1103 972 1263 1012 magna
1284 958 1361 999 illa
1382 959 1532 1000 lacuna

207 1041 316 1079 quae
331 1034 394 1067 est
416 1027 458 1066 in
481 1028 681 1068 omnibus
703 1029 925 1069 codicibus
940 1028 994 1068 ad
1009 1028 1148 1081 Vat.§
1168 1040 1209 1078 4,
1225 1035 1268 1068 et
1285 1028 1411 1069 initio
1432 1029 1476 1068 in
1493 1029 1532 1068 Ρ

207 1110 351 1149 —quo
373 1096 415 1136 in
440 1097 588 1137 codice
618 1097 816 1138 librarius
847 1111 1033 1139 vacuum
1064 1097 1235 1150 reliquit
1261 1098 1451 1152 spatium
1477 1099 1532 1140 ad

207 1166 490 1218 quadraginta
511 1166 599 1207 fere
613 1167 747 1207 lineas
762 1168 895 1208 nostri
912 1174 1060 1208 textus
1077 1168 1531 1221 pertinens—recurrit

207 1235 337 1275 etiam
370 1235 411 1274 in
444 1236 537 1276 cod.
564 1235 615 1286 G,
638 1237 714 1276 sed
740 1237 830 1276 sine
861 1236 951 1276 ullo
982 1236 1174 1276 defectus
1205 1237 1387 1278 indicio:
1419 1250 1532 1290 quae

209 1316 273 1343 res
309 1304 413 1343 mihi
440 1305 617 1356 quidem
648 1305 934 1346 certissimum
965 1306 1139 1346 videtur
1169 1306 1376 1358 praebere
1404 1319 1530 1360 argu-

208 1379 401 1413 mentum
419 1378 461 1412 et
479 1373 640 1414 codicis
657 1373 984 1414 Gemblaeensis
1007 1381 1051 1414 et
1074 1379 1316 1414 ceterorum
1336 1374 1528 1414 omniurn

206 1448 420 1495 quotquot
451 1449 629 1483 exstant
659 1442 869 1483 librorum
901 1442 1065 1483 fontem
1090 1443 1133 1483 in
1166 1443 1233 1482 his
1262 1443 1530 1483 orationibus

206 1510 455 1551 habendum
478 1525 570 1552 esse
591 1518 633 1552 et
656 1525 933 1552 communem
954 1512 1165 1564 originem
1188 1512 1285 1553 cod.
1306 1511 1363 1551 Ρ.
1415 1511 1529 1552 Illud

206 1585 376 1620 tantum
398 1580 722 1620 concedendum
743 1586 822 1632 est,
842 1580 951 1620 inter
970 1580 1014 1620 Ρ
1042 1586 1087 1621 et
1113 1579 1152 1620 G
1174 1580 1366 1620 medium
1396 1594 1529 1633 quen-

207 1649 306 1688 dam
338 1648 623 1688 intercessisse
643 1649 804 1690 librum
828 1649 869 1689 in
895 1663 982 1702 quo
1008 1649 1249 1702 descriptae
1269 1656 1368 1689 sunt
1388 1650 1530 1689 variae

207 1717 409 1757 lectiones
431 1731 487 1757 ex
509 1718 596 1758 alio
617 1717 750 1768 fonte,
769 1725 815 1758 ut
837 1717 925 1758 fieri
947 1717 1068 1768 solet,
1086 1716 1332 1758 derivatae}

265 1787 494 1826 Proximus
529 1787 834 1827 Gemblaeensi
876 1793 942 1827 est
983 1787 1124 1827 codex
1160 1787 1233 1826 ille
1268 1787 1530 1828 Erfurtensis

249 1896 260 1916 1
288 1898 439 1937 Reputet
455 1900 512 1937 qui
528 1900 581 1929 his
598 1899 698 1930 rebus
717 1900 854 1930 studere
873 1900 952 1930 velit
969 1899 1033 1929 iam
1052 1910 1128 1930 esse
1146 1900 1362 1930 manifestum
1378 1899 1530 1929 lacunam

207 1942 294 1971 illam
317 1952 403 1980 quae
430 1948 482 1972 est
509 1943 543 1972 in
568 1944 643 1973 cod.
667 1943 700 1972 P
719 1944 761 1973 ad
785 1943 878 1974 Cael.
907 1948 921 1981 ξ
942 1943 1154 1982 24‚-spatio
1182 1949 1215 1973 et
1239 1954 1258 1973 a
1284 1942 1333 1982 1³2,
1353 1949 1530 1983 postquam

206 1990 317 2014 cetera
337 1986 491 2024 inseruit,
517 1996 624 2016 vacuo
648 1987 1003 2025 relicto‚—numquam
1028 1987 1179 2025 potuisse
1202 1987 1353 2026 suppleri
1376 1986 1533 2026 (Coponii

205 2028 267 2066 qm'
289 2038 327 2057 ex
352 2029 509 2059 omnibus
537 2030 684 2060 maxime
709 2029 833 2060 Dionis
858 2034 998 2060 mortem
1019 2029 1213 2069 doluerunt)
1238 2031 1303 2060 nisi
1331 2030 1530 2069 marginalia

204 2072 368 2109 quaedam
392 2072 426 2102 in
453 2073 526 2103 cod.
550 2077 573 2103 Σ
597 2073 748 2112 aliosque
773 2074 923 2103 eiusdem
947 2074 1095 2104 familiae
1120 2084 1138 2103 e
1160 2073 1378 2104 Cluniacensi
1396 2076 1471 2112 496,
1496 2079 1531 2103 ut

206 2124 314 2153 nuper
339 2115 456 2146 docuit
483 2115 638 2146 Clarkius
663 2123 790 2156 noster,
817 2117 922 2147 inlata
948 2123 1073 2148 essent.
1121 2117 1221 2147 Vnde
1246 2117 1357 2156 etiam,
1384 2121 1420 2146 ut
1443 2128 1530 2147 novo

211 2162 288 2188 utar
304 2159 471 2197 exemplo,
491 2159 574 2190 illud
591 2160 790 2190 vocabulum
805 2161 932 2201 prefuit
945 2163 956 2201 (
969 2158 1121 2201 :populi
1138 2160 1381 2200 Romanifuit,
1398 2160 1431 2190 in
1450 2161 1527 2192 Sen.

216 2203 282 2241 §9)
300 2203 389 2240 quod
412 2207 464 2232 est
484 2212 588 2241 super
607 2203 728 2233 lineam
752 2203 785 2233 in
812 2204 1000 2234 Harleiano
1023 2204 1096 2245 (H)
1119 2205 1180 2234 sed
1206 2204 1240 2233 in
1264 2203 1529 2241 Pdesideratur‚

210 2244 274 2274 nisi
292 2246 364 2275 cod.
385 2244 431 2276 H.
448 2245 614 2276 lectiones
637 2247 809 2286 acceperit
833 2258 874 2277 cx
896 2248 962 2278 alio
983 2248 1129 2286 quodam
1152 2247 1243 2277 sonte
1263 2247 1421 2278 haustas?
1467 2247 1530 2277 Eo-

206 2288 281 2317 dem
310 2288 412 2327 igitur
439 2291 540 2320 modo
568 2290 641 2319 fieri
670 2295 784 2330 potest
812 2296 845 2320 ut
875 2292 985 2320 codex
1011 2290 1266 2321 Gemblaeensis
1287 2290 1347 2329 (G)
1378 2295 1433 2320 aut
1458 2290 1530 2319 eius

205 2331 421 2371 archetypus,
438 2342 637 2371 quamquam
667 2343 684 2362 e
712 2335 784 2364 cod.
811 2334 842 2363 P
868 2334 1069 2373 descriptus,
1097 2344 1170 2363 cum
1196 2334 1280 2364 libro
1304 2334 1417 2373 aliquo
1442 2344 1529 2363 com-

207 2379 343 2413 paratus
376 2375 427 2414 sit,
464 2386 550 2406 nunc
581 2377 770 2416 deperdito,
806 2377 860 2415 qui
894 2378 1128 2416 discrepantes
1160 2387 1178 2406 a
1209 2378 1281 2407 cod.
1307 2377 1339 2406 Ρ
1368 2377 1528 2407 lectiones

206 2418 396 2450 exhibebat.

852 2475 886 2511 ix
