1774 2782
247 133 296 160 22

254 313 294 342 47

245 1062 294 1098 23

248 2068 289 2098 49

318 129 357 168 46
683 124 737 159 M.
770 123 937 159 TVLLI
969 121 1275 160 CICERONIS

318 232 358 271 id
378 233 487 283 quod
509 240 640 270 tamen
663 231 757 268 mihi
785 230 861 268 iam
884 230 1069 279 suspicari
1091 230 1283 276 videntur,
1300 229 1400 266 illius
1418 228 1578 266 furentis
1598 242 1644 266 ac

318 297 506 336 volaticos
528 297 696 346 impetus
719 296 757 333 in
779 308 819 333 se
841 295 945 344 ipsos
967 308 1083 344 posse
1107 294 1292 332 converti.
1353 295 1484 342 Atque
1505 306 1550 330 ex
1570 294 1644 330 hac

317 361 437 399 nimia
459 374 539 399 non
560 362 757 397 nullorum
773 359 1010 397 alienatione
1030 372 1052 396 a
1073 358 1309 408 quibusdam
1328 359 1487 396 haerent
1503 371 1549 395 ea
1569 359 1645 396 tela

317 426 356 464 in
378 439 417 464 re
439 425 596 475 publica
617 438 728 475 quae,
752 438 870 474 quam
892 424 959 462 diu
986 424 1200 462 haerebant
1222 423 1260 460 in
1282 437 1363 461 uno
1384 436 1458 469 me,
1482 421 1646 472 graviter

317 490 501 540 equidem
531 491 599 528 sed
624 489 827 538 aliquanto
854 489 976 527 levius
1002 489 1185 527 ferebam.
1247 490 1313 526 An
1331 487 1405 526 iste
1425 487 1497 525 nisi
1519 486 1646 537 primo

317 569 357 594 se
379 555 551 594 dedisset
575 555 618 592 iis
641 568 808 604 quorum
830 554 984 592 animos
1005 568 1027 591 a
1048 561 1173 592 vestra
1193 552 1426 591 auctoritate
1447 552 1645 590 seiunctos

315 634 400 659 esse
416 620 684 666 arbitrabatur,
705 618 777 657 nisi
798 632 866 657 eos
889 619 927 656 in
949 620 1100 656 caelum
1123 617 1201 656 suis
1224 617 1406 656 laudibus
1426 618 1645 667 praeclarus

314 694 450 724 auctor
465 686 678 731 extolleret,
694 684 767 723 nisi
782 683 993 722 exercitum
1010 685 1055 723 C.
1074 682 1352 723 Caesaris-—in
1372 696 1452 732 quo
1473 683 1642 730 fallebat,

316 752 386 790 sed
416 764 507 789 eum
536 763 656 788 nemo
686 747 1074 799 redarguebat—nisi
1103 761 1206 795 eum,
1230 747 1402 797 inquam,
1431 747 1643 786 exercitum

315 815 433 865 signis
461 815 610 854 infestis
636 815 672 852 in
704 814 850 852 curiam
880 828 921 852 se
942 813 1192 851 inmissurum
1223 813 1474 859 minitaretur,
1502 812 1575 851 nisi
1601 826 1644 852 se

316 882 389 920 Cn.
428 880 619 930 Pompeio
653 880 841 925 adiutore,
881 881 937 916 M.
972 881 1114 918 Crasso
1148 886 1317 924 auctore,
1341 892 1441 928 quae
1477 878 1644 918 faciebat

316 948 441 986 facere
463 949 659 992 clamaret,
684 945 757 983 nisi
783 947 964 983 consules
986 958 1142 983 causam
1166 943 1414 982 coniunxisse
1436 957 1581 991 secum,
1603 943 1644 982 in

316 1026 396 1062 quo
424 1026 504 1050 uno
536 1025 615 1050 non
648 1011 920 1057 mentiebatur,
951 1011 1210 1056 confirmaret,
1241 1017 1320 1047 tam
1353 1009 1521 1047 crudelis
1554 1009 1640 1055 mei,

318 1086 394 1115 tam
422 1079 630 1116 sceleratus
657 1077 708 1115 rei
738 1077 919 1126 publicae
952 1084 1110 1114 vexator
1142 1088 1227 1113 esse
1252 1074 1471 1124 potuisset?
1530 1076 1642 1112 Idem

318 1151 452 1193 postea
474 1156 591 1192 quam
614 1142 801 1192 respirare
828 1156 898 1180 vos
917 1156 939 1180 a
962 1150 1067 1179 metu
1092 1141 1235 1188 caedis,
1259 1154 1455 1190 emergere
1475 1140 1643 1179 auctori-

317 1216 436 1246 tatem
465 1216 631 1245 vestram
655 1221 675 1246 e
698 1207 881 1245 fluctibus
907 1207 980 1245 illis
1009 1206 1216 1253 servitutis,
1237 1206 1465 1244 reviviscere
1494 1219 1644 1244 memo-

316 1273 410 1311 riam
431 1287 477 1311 ac
497 1273 735 1311 desiderium
760 1272 833 1311 mei
858 1272 964 1318 vidit,
984 1272 1094 1310 vobis
1116 1286 1157 1310 se
1178 1271 1307 1321 coepit
1329 1271 1459 1309 subito
1481 1271 1642 1309 fallacis-

315 1339 411 1377 sime
433 1338 633 1377 venditare
652 1353 659 1384 ;
689 1346 770 1376 tum
794 1340 896 1387 leges
916 1337 1036 1376 Iulias
1056 1344 1192 1375 contra
1211 1336 1384 1386 auspicia
1405 1337 1501 1374 latas
1522 1344 1559 1374 et
1580 1336 1643 1374 hic

314 1411 351 1442 et
374 1403 412 1441 in
433 1403 685 1441 contionibus
706 1402 847 1448 dicere,
872 1403 910 1440 in
932 1402 1075 1452 quibus
1097 1401 1247 1451 legibus
1269 1401 1392 1439 inerat
1412 1401 1558 1440 curiata
1579 1400 1643 1439 illa

314 1470 372 1507 lex
400 1482 500 1518 quae
534 1476 660 1506 totum
696 1468 778 1507 eius
809 1467 1051 1506 tribunatum
1082 1466 1320 1512 continebat,
1353 1480 1471 1516 quam
1502 1479 1641 1504 caecus

312 1534 483 1572 amentia
511 1547 590 1571 non
622 1533 791 1572 videbat.
854 1533 1101 1571 Producebat
1132 1532 1383 1570 fortissimum
1415 1531 1549 1579 virum,
1583 1533 1640 1569 M.

314 1599 499 1637 Bibulum
517 1614 525 1646 3
555 1599 768 1648 quaerebat
789 1612 835 1636 ex
851 1612 909 1643 eo,
930 1599 973 1637 C.
993 1598 1161 1637 Caesare
1179 1599 1282 1647 leges
1300 1599 1446 1635 serente
1467 1598 1516 1635 de
1532 1598 1641 1635 caelo

313 1677 519 1713 semperne
540 1672 758 1711 servasset3
787 1677 940 1713 semper
971 1677 1011 1701 se
1042 1663 1105 1701 ille
1136 1676 1308 1701 servasse
1333 1662 1500 1701 dicebat.
1560 1664 1640 1700 Au-

311 1742 423 1778 gures
450 1729 722 1778 interrogabat,
747 1741 848 1778 quae
876 1729 928 1766 ita
957 1730 1033 1766 lata
1060 1736 1190 1766 essent
1212 1736 1367 1766 rectene
1389 1729 1463 1766 lata
1484 1735 1613 1766 essent
1631 1742 1641 1775 3

311 1794 363 1831 illi
390 1793 484 1832 vitio
511 1795 588 1831 lata
617 1807 702 1831 esse
732 1794 929 1832 dicebant.
991 1793 1185 1832 Ferebant
1215 1793 1254 1830 in
1284 1792 1407 1830 oculis
1437 1792 1638 1830 hominem

311 1857 473 1907 quidam
496 1858 590 1896 boni
610 1857 680 1895 viri
701 1865 739 1896 et
766 1859 817 1896 de
846 1872 907 1896 me
935 1858 1083 1907 optime
1112 1857 1250 1904 meriti,
1273 1858 1343 1895 sed
1371 1857 1482 1904 illius,
1504 1864 1547 1895 ut
1568 1870 1641 1907 ego

310 1923 485 1970 arbitror,
518 1922 657 1961 furoris
687 1922 820 1973 ignari.
881 1922 1055 1973 Longius
1085 1922 1273 1972 processit
1289 1937 1298 1970 3
1338 1923 1377 1960 in
1407 1922 1534 1972 ipsum
1566 1923 1638 1961 Cn.

313 1988 558 2038 Pompeium,
581 1996 795 2036 auctorem,
819 1996 861 2026 ut
887 1988 1112 2038 praedicare
1137 1996 1195 2026 est
1216 1988 1365 2035 solitus,
1388 1987 1640 2026 consiliorum

311 2068 481 2100 suorum,
505 2053 634 2092 invehi
657 2055 814 2104 coepit3
845 2053 968 2092 inibat
997 2053 1158 2103 gratiam
1189 2067 1210 2091 a
1241 2066 1321 2091 non
1351 2052 1476 2090 nullis.
1536 2054 1640 2090 Tum

312 2133 403 2158 vero
424 2121 548 2157 elatus
564 2125 619 2156 est
633 2132 701 2169 spe
723 2132 837 2168 posse
854 2132 906 2165 se,
926 2118 1113 2168 quoniam
1132 2126 1307 2168 togatum
1325 2117 1531 2156 domestici
1548 2116 1639 2156 belli

354 2235 373 2263 3
399 2224 541 2254 haerent
559 2234 598 2254 ea
616 2223 682 2254 tela
700 2223 832 2256 Manat.
852 2235 858 2255 :
881 2223 1057 2255 haerentia
1075 2223 1141 2253 tela
1160 2222 1248 2254 codd.
1377 2232 1393 2260 7
1419 2222 1641 2252 arbitrabatur

314 2272 349 2298 ul
362 2267 495 2298 Manus.
508 2268 553 2298 ita
567 2268 598 2298 b:
623 2267 866 2298 arbitrabamur
878 2267 940 2299 rell.
1029 2268 1049 2297 8
1067 2266 1104 2296 C.
1119 2277 1182 2297 om.
1198 2265 1241 2295 P2
1254 2269 1283 2295 et
1291 2265 1371 2305 pler.
1419 2265 1576 2296 Caesaris
1588 2290 1594 2296 .
1608 2290 1615 2297 .
1629 2288 1637 2296 .

311 2311 499 2342 exercitum
516 2321 541 2342 s,
554 2310 574 2341 l.
592 2311 697 2350 suppl.
713 2310 757 2340 P²
834 2322 878 2342 20
902 2310 1017 2350 quam]
1040 2311 1128 2349 quod
1146 2309 1257 2339 Madv.
1334 2319 1375 2346 23
1401 2320 1456 2339 -ne
1473 2307 1531 2339 Hk
1546 2321 1551 2340 :
1574 2319 1638 2339 om.

311 2354 375 2384 ΡΒ
507 2364 550 2393 3ο
574 2360 624 2384 est
648 2354 744 2392 Wolf.
761 2358 844 2386 auct.
865 2353 940 2386 add.
960 2353 1062 2392 Kays.
1112 2353 1195 2383 Tum
1213 2362 1290 2382 vero
1307 2359 1357 2382 est
1378 2357 1468 2383 ratus
1485 2362 1522 2382 se
1540 2361 1639 2392 posse

311 2397 428 2429 HMbk
445 2398 491 2429 ed.
514 2397 553 2428 R.

1666 502 1684 535 5

1666 829 1706 851 10

1667 1157 1703 1188 15

1663 1482 1703 1505 20

1661 1806 1701 1836 25

1660 2134 1700 2165 30
