1774 2782
264 127 313 165 37
333 122 373 162 98
703 114 758 150 M.
789 112 956 149 TVLLI
989 111 1296 150 CICERONIS

331 229 457 260 stante
471 222 567 259 urbe
581 234 702 259 unurn
717 220 877 270 perpeti,
894 227 932 258 et
946 220 1021 257 iam
1038 233 1079 258 se
1093 219 1224 258 videre
1240 219 1401 258 distrahi
1416 233 1438 257 a
1451 221 1657 270 complexu

331 300 501 333 suorum,
534 286 741 324 disturbari
777 292 889 330 tecta,
925 284 1038 333 diripi
1079 285 1268 332 fortunas,
1300 284 1446 334 patriae
1486 285 1658 334 denique

330 364 447 388 causa
467 350 629 400 patriam
653 350 778 399 ipsam
797 350 985 395 amittere,
1011 349 1165 398 spoliari
1191 349 1325 399 populi
1351 350 1521 388 Romani
1543 351 1659 389 bene-

330 415 426 452 ficiis
447 414 708 464 amplissimis,
732 413 976 464 praecipitari
1004 427 1050 452 ex
1078 414 1268 452 altissimo
1296 414 1496 464 dignitatis
1522 416 1656 464 gradu,

330 480 460 518 videre
499 488 760 530 praetextatos
805 479 985 517 inimicos
1028 480 1207 517 nondum
1254 488 1378 518 morte
1417 482 1658 529 complorata

329 546 485 583 arbitria
502 545 670 595 petentis
688 545 832 583 funeris
850 561 856 583 ;
888 546 984 582 haec
1001 544 1135 582 omnia
1151 545 1282 583 subire
1298 547 1657 583 conservandorum

330 611 472 649 civium
495 624 622 657 causa,
647 619 764 660 atque
787 610 826 648 id
848 624 938 648 cum
961 611 1140 648 dolenter
1166 610 1271 648 adsis
1293 624 1372 648 non
1401 618 1480 649 tam
1503 611 1658 660 sapiens

330 690 448 725 quam
471 676 493 713 ii
516 676 583 725 qui
605 675 698 713 nihil
717 683 863 722 curant,
881 676 949 713 sed
965 683 1043 713 tam
1066 688 1201 713 amans
1223 683 1379 713 tuorum
1396 689 1440 713 ac
1463 675 1517 713 tui
1540 689 1656 725 quam

331 741 551 778 communis
572 740 795 778 humanitas
816 742 996 791 postulat,
1013 754 1060 778 ea
1074 742 1157 778 laus
1175 742 1371 790 praeclara
1390 749 1509 790 atque
1527 741 1658 779 divina

330 813 397 842 est.
458 807 560 843 Nam
594 806 658 855 qui
690 819 736 843 ea
767 819 868 855 quae
901 819 1118 855 numquam
1149 819 1238 844 cara
1266 820 1311 843 ac
1346 806 1518 844 iucunda
1549 806 1657 844 duxit

328 870 462 908 animo
475 884 602 920 aequo
617 870 669 908 rei
684 870 866 920 publicae
882 884 1000 908 causa
1014 871 1167 918 deserit,
1189 872 1334 908 nullam
1350 871 1656 909 benivolentiam

329 936 521 985 insignem
544 936 583 974 in
603 950 682 974 rem
706 936 905 985 publicam
927 938 1098 974 declarat
1117 952 1126 984 3
1156 935 1222 986 qui
1247 944 1379 975 autern
1408 950 1454 975 ea
1474 937 1658 986 relinquit

330 1003 381 1039 rei
404 1001 584 1050 publicae
605 1015 722 1038 causa
740 1015 763 1038 a
784 1001 927 1050 quibus
949 1014 1039 1038 cum
1061 1015 1217 1038 summo
1238 1002 1374 1039 dolore
1395 1001 1600 1048 divellitur,
1624 1002 1657 1040 ei

330 1079 417 1104 cara
452 1066 575 1115 patria
606 1074 674 1112 cst,
711 1066 821 1103 cuius
854 1067 1018 1103 salutem
1055 1066 1203 1103 caritati
1242 1066 1445 1116 anteponit
1485 1081 1655 1106 suorum.

270 1145 311 1175 99
334 1133 422 1179 Qua
444 1144 482 1168 re
507 1132 752 1180 dirumpatur
776 1131 866 1169 licet
891 1131 962 1168 ista
984 1131 1082 1169 furia
1110 1139 1229 1181 atque
1250 1133 1376 1180 pestis,
1400 1131 1533 1170 audiet
1561 1134 1657 1170 haec

251 1734 309 1755 100

331 1210 375 1234 ex
408 1209 480 1243 me,
512 1195 699 1245 quoniam
730 1196 946 1234 lacessivit:
988 1196 1046 1234 bis
1081 1197 1227 1234 servavi
1259 1198 1557 1246 rempublicam,
1592 1197 1656 1247 qui

329 1263 466 1299 consul
489 1269 641 1310 togatus
661 1269 831 1299 armatos
854 1261 1022 1307 vicerim,
1046 1262 1218 1311 privatus
1245 1262 1474 1300 consulibus
1502 1263 1658 1300 armatis

329 1326 523 1364 cesserim.
584 1326 800 1376 Vtriusque
846 1326 1033 1376 temporis
1082 1328 1252 1364 fructum
1300 1327 1369 1365 tuli
1419 1328 1631 1366 maximum
1651 1343 1657 1366 :

330 1392 547 1440 superioris,
571 1392 680 1440 quod
701 1405 746 1429 ex
769 1400 926 1430 senatus
946 1391 1178 1429 auctoritate
1204 1400 1241 1430 et
1269 1401 1447 1430 senatum
1470 1400 1507 1430 et
1529 1392 1657 1430 omnis

329 1456 456 1494 bonos
478 1470 587 1494 meae
609 1457 742 1495 salutis
765 1471 882 1495 causa
899 1465 1048 1495 mutata
1061 1464 1168 1495 veste
1184 1457 1274 1504 vidi,
1292 1457 1525 1507 posterioris,
1549 1459 1656 1507 quod

329 1529 366 1559 et
381 1530 537 1559 senatus
551 1529 589 1559 et
606 1523 774 1571 populus
791 1524 996 1559 Romanus
1013 1530 1050 1560 et
1067 1535 1205 1561 omnes
1224 1524 1406 1561 mortales
1424 1530 1461 1561 et
1478 1523 1655 1572 privatim

329 1594 366 1624 et
388 1586 544 1635 publice
567 1586 786 1625 iudicarunt
808 1587 891 1625 sine
914 1600 1003 1625 meo
1031 1587 1157 1625 reditu
1183 1601 1263 1626 rem
1293 1588 1489 1638 publicam
1512 1590 1656 1626 salvam

329 1665 412 1688 esse
434 1665 513 1689 non
536 1665 661 1700 posse.

383 1718 460 1755 Sed
481 1717 543 1754 hic
565 1731 674 1755 meus
697 1718 854 1764 reditus,
872 1718 1090 1768 pontifices,
1106 1726 1234 1756 vestro
1256 1718 1401 1757 iudicio
1422 1719 1655 1757 continetur.

331 1784 431 1819 Nam
455 1784 484 1819 si
506 1796 574 1820 vos
597 1797 659 1820 me
681 1783 718 1820 in
741 1783 836 1822 meis
858 1784 1023 1821 aedibus
1045 1783 1272 1830 conlocatis,
1296 1783 1335 1821 id
1357 1785 1465 1833 quod
1488 1784 1525 1821 in
1547 1783 1654 1822 omni

330 1861 416 1884 mea
430 1861 546 1885 causa
559 1861 713 1898 semper
727 1848 865 1887 studiis
880 1848 1052 1886 consiliis
1066 1849 1364 1886 auctoritatibus
1374 1849 1657 1899 sententiisque

330 1912 483 1959 fecistis,
502 1912 617 1951 video
633 1927 694 1952 me
712 1915 827 1963 plane
848 1928 892 1951 ac
914 1915 1040 1952 sentio
1063 1916 1283 1952 restitutum
1302 1929 1310 1961 3
1331 1914 1389 1952 sin
1408 1928 1494 1952 mea
1515 1916 1658 1952 domus

332 1991 409 2014 non
434 1979 553 2016 modo
574 1978 667 2015 mihi
690 1992 770 2016 non
792 1980 976 2026 redditur,
998 1980 1067 2017 sed
1089 1979 1206 2017 etiam
1228 1987 1531 2018 monumentum
1553 1993 1658 2029 prae-

375 2090 392 2118 5
418 2085 648 2118 praetextatos
665 2082 704 2110 k:
731 2086 857 2111 -textos
872 2081 936 2112 rell.
1043 2092 1058 2119 7
1086 2081 1117 2111 id
1130 2091 1203 2111 cum
1217 2082 1346 2121 scrzjzfist‘:
1366 2082 1410 2112 ita
1427 2093 1500 2112 cum
1513 2082 1573 2121 (ita
1587 2087 1656 2112 tum

332 2123 454 2161 P23H,
471 2124 515 2153 ita
536 2129 604 2153 turn
625 2135 696 2153 curn
712 2125 746 2163 e)
761 2124 847 2155 codd.
864 2135 870 2154 ε
896 2125 940 2155 ita
958 2129 992 2154 ut
1011 2135 1083 2154 cum
1098 2125 1174 2154 Hk:
1200 2125 1243 2155 ita
1258 2126 1325 2164 pati
1345 2130 1379 2155 ut
1393 2125 1523 2155 Halm:
1548 2136 1657 2165 neque

332 2167 438 2197 vitare
457 2172 491 2196 ut
504 2166 618 2199 Madv.
710 2168 800 2197 adsis
818 2179 885 2197 non
903 2174 967 2198 tam
984 2169 1087 2201 (absis
1101 2168 1153 2208 bk)
1169 2168 1257 2199 codd.
1272 2172 1401 2209 praeter
1411 2169 1512 2199 PlMe
1526 2169 1656 2210 (dolen-

331 2216 383 2240 ter
398 2211 519 2240 asetsis
533 2212 696 2250 nontam)
716 2223 721 2241 :
747 2212 902 2241 dolenter
919 2212 1008 2241 seras
1022 2217 1054 2241 et
1069 2212 1115 2241 sis
1129 2222 1195 2241 non
1214 2217 1280 2242 tam
1294 2211 1382 2243 Bait.
1478 2223 1516 2242 10
1541 2217 1591 2242 est
1608 2212 1656 2242 G:

331 2255 372 2284 sit
388 2254 440 2283 Me
455 2266 460 2284 :
486 2264 548 2284 om.
563 2253 595 2282 P
607 2254 668 2284 rcll.
808 2264 844 2292 15
870 2256 1096 2294 disrumpatur
1112 2255 1181 2285 GM
1268 2257 1374 2294 pestis
1391 2256 1525 2296 scrlpsi:
1551 2256 1656 2295 pestis

333 2298 460 2336 patriae
484 2297 589 2327 Bait„
622 2308 686 2327 om.
715 2298 802 2327 codd.
855 2298 900 2337 Cf.
931 2299 985 2328 fax
1010 2309 1046 2328 ac
1073 2298 1156 2328 suria
1180 2298 1309 2337 patriae
1337 2302 1351 2336 ξ
1376 2308 1434 2329 102
1542 2300 1656 2329 audiet

331 2340 466 2371 Madv.:
497 2342 609 2370 audiat
633 2340 719 2371 codd.
859 2343 896 2370 16
921 2352 989 2371 rern
1015 2342 1092 2381 pub.
1117 2343 1168 2371 liic
1188 2341 1262 2372 add.
1282 2342 1400 2378 Kays,
1428 2346 1502 2372 ante
1523 2343 1657 2372 servavi

334 2383 445 2414 Garat.
535 2385 589 2423 qui
612 2383 742 2415 Garun:
774 2391 806 2414 ut
823 2385 912 2416 codd.
929 2389 1057 2424 praeter
1073 2396 1100 2415 w
1120 2386 1190 2424 (qui
1209 2387 1258 2426 ut)
1277 2397 1282 2415 :
1308 2396 1381 2415 cum
1400 2386 1508 2415 Halm

1678 494 1695 525 5

1681 819 1717 841 10

1681 1149 1715 1182 ¹5

1677 1477 1717 1498 20

1676 1802 1716 1834 ²5
