1774 2782
88 545 107 576 5

219 162 292 197 Dii
327 161 490 198 DOMO
522 162 623 196 SVA
655 161 730 196 ΑΙ)
766 160 1096 198 PONTIFICES
1128 162 1343 197 ORATIO
1403 171 1452 209 55

128 270 236 308 istius
266 268 556 308 vaecordissimi
588 276 760 307 mentem
791 283 883 307 cura
913 278 1101 319 metuque
1130 270 1353 315 terrebant3
1394 284 1452 308 res

127 350 217 374 vero
248 335 405 385 publica
435 348 675 383 quamquam
711 342 791 372 erat
826 334 1082 373 exterminata
1117 349 1283 381 mecum,
1320 343 1450 373 tamen

126 400 406 438 obversabatur
439 407 530 436 ante
564 400 700 437 oculos
730 401 974 437 exstinctoris
1005 399 1074 446 sui,
1103 406 1141 437 et
1167 401 1218 437 ab
1254 399 1363 438 istius
1398 400 1451 438 in-

128 466 328 502 flammato
343 472 462 512 atque
476 463 672 501 indomito
687 465 815 502 furore
832 465 908 501 iam
925 472 1008 502 tum
1025 478 1065 502 se
1082 478 1224 513 meque
1240 465 1450 514 repetebat.

129 530 265 577 Quare
273 529 369 578 quid
383 535 440 566 est
456 527 596 565 mirum
610 527 641 565 si
657 529 727 566 iste
741 536 847 566 metu
859 529 1086 577 exagitatus,
1098 529 1451 576 furoreinstinctus‚

127 596 272 633 scelere
287 607 484 644 praeceps,
501 607 630 643 neque
645 594 842 632 institutas
858 594 1114 632 caerimonias
1130 594 1310 644 persequi
1325 608 1453 644 neque

127 659 288 697 verbum
310 659 433 696 ullum
454 659 646 697 sollemne
666 658 792 708 potuit
813 660 918 697 effari
936 661 952 697 ?

180 726 294 774 Quae
315 737 405 762 cum
427 723 479 761 ita
501 723 586 770 sint,
607 725 826 773 pontifices,
843 732 1023 763 revocate
1037 724 1113 762 iam
1131 725 1284 762 animos
1304 732 1452 762 vestros

126 790 176 828 ab
190 790 263 827 hac
275 788 406 827 subtili
421 797 554 827 nostra
565 789 831 837 disputatione
845 790 896 827 ad
908 789 1128 827 universam
1142 803 1222 827 rem
1242 789 1451 838 publicam,

71 871 111 894 10
127 868 246 904 quam
265 861 382 892 antea
396 867 487 891 cum
505 852 594 891 viris
615 853 780 891 sortibus
797 854 939 899 multis,
961 853 999 891 in
1018 854 1090 891 hac
1111 867 1204 891 vero
1225 868 1341 891 causa
1363 854 1453 891 solis

74 1522 112 1543 20

128 920 263 957 vestris
275 918 493 957 cervicibus
507 919 718 956 sustinetis.
764 917 890 956 Vobis
907 918 1075 956 universi
1093 926 1250 956 senatus
1268 926 1454 968 perpetua

126 983 349 1029 auctoritas,
375 982 438 1020 cui
468 990 621 1021 vosmet
649 982 720 1032 ipsi
752 983 1085 1032 praestantissime
1116 997 1270 1033 semper
1300 984 1338 1020 in
1370 997 1455 1021 mea

128 1061 245 1087 causa
265 1047 496 1098 praefuistis‚
516 1048 628 1085 vobis
652 1047 788 1086 Italiae
810 1048 1219 1098 magnificentissimus
1242 1048 1303 1086 ille
1326 1056 1455 1086 motus

129 1112 512 1162 municipiorumque
541 1126 766 1159 concursus,
790 1113 901 1150 vobis
926 1127 1088 1162 campus
1113 1113 1457 1163 centuriarumque

129 1192 206 1216 una
222 1192 297 1216 vox
311 1177 501 1225 omnium,
519 1191 685 1227 quarum
701 1191 770 1216 vos
785 1177 978 1228 principes
995 1186 1114 1228 atque
1127 1186 1305 1216 auctores
1319 1177 1456 1224 fuistis,

129 1244 241 1281 vobis
260 1256 400 1280 omnes
421 1244 639 1289 societates,
659 1257 797 1281 omnes
814 1243 984 1290 ordines,
1003 1258 1140 1281 omnes
1162 1244 1228 1294 qui
1245 1251 1311 1282 aut
1332 1257 1370 1281 re
1391 1250 1456 1281 aut

129 1321 198 1357 spe
218 1307 391 1357 denique
418 1314 509 1346 sunt
533 1308 650 1355 bona,
673 1321 792 1346 omne
820 1322 934 1346 suum
961 1323 1049 1358 erga
1077 1322 1204 1346 meam
1227 1308 1455 1358 dignitatem

130 1373 302 1410 studium
338 1380 376 1410 et
407 1373 598 1411 iudicium
627 1386 707 1410 non
739 1374 860 1411 modo
890 1375 1145 1411 commissum
1175 1387 1308 1412 verum
1339 1373 1456 1411 etiam

130 1437 452 1475 commendatum
475 1450 561 1476 esse
577 1437 879 1476 arbitrabuntur.
941 1439 1126 1488 Denique
1147 1438 1219 1488 ipsi
1241 1438 1279 1477 di
1303 1438 1457 1476 immor-

131 1503 226 1540 tales
247 1503 314 1552 qui
336 1503 438 1540 hanc
459 1502 598 1540 urbem
619 1510 738 1552 atque
764 1504 840 1540 hoc
866 1503 1072 1552 imperium
1094 1511 1262 1549 tuentur,
1288 1511 1329 1541 ut
1356 1510 1457 1541 esset

131 1567 316 1605 omnibus
342 1568 524 1617 gentibus
549 1566 846 1617 posteritatique
872 1569 1120 1618 perspicuum
1147 1568 1281 1606 divino
1303 1582 1365 1606 me
1392 1582 1456 1605 nu·

132 1632 237 1671 mine
259 1646 343 1671 esse
369 1632 421 1670 rei
443 1633 626 1682 publicae
649 1633 860 1679 redditum,
885 1632 1032 1671 idcirco
1058 1633 1152 1670 mihi
1178 1633 1361 1672 videntur
1388 1635 1459 1670 sru-

131 1706 238 1736 ctum
265 1697 412 1736 reditus
437 1706 475 1736 et
500 1697 769 1748 gratulationis
798 1711 909 1736 meae
939 1699 990 1736 ad
1020 1711 1180 1736 suorum
1210 1699 1458 1737 sacerdotum

133 1770 369 1812 potestatem
395 1762 668 1812 iudiciumque
696 1776 910 1801 revocasse.
972 1763 1051 1800 Hic
1083 1772 1140 1801 est
1167 1763 1272 1801 enim
1300 1763 1457 1810 reditus,

134 1829 350 1878 pontifices,
383 1829 480 1866 haec
511 1827 704 1866 restitutio
735 1828 774 1865 in
805 1828 938 1874 domo,
966 1827 1005 1865 in
1035 1827 1207 1876 sedibus,
1237 1828 1276 1865 in
1306 1830 1390 1875 aris,
1421 1829 1458 1866 in

133 1894 240 1940 focis,
279 1894 317 1930 in
353 1892 413 1931 dis
449 1892 660 1942 penatibus
676 1891 964 1941 reciperandis;
1008 1906 1174 1942 quorum
1209 1895 1239 1931 si
1276 1893 1347 1931 iste
1381 1893 1459 1930 suis

133 1957 440 1996 sceleratissimis
462 1959 647 1996 manibus
667 1965 772 1996 tecta
792 1957 976 2007 sedisque
998 1959 1192 2004 convellit,
1212 1958 1459 2008 ducibusque

133 2024 360 2062 consulibus
388 2032 589 2074 tamquam
620 2024 716 2062 urbe
747 2031 860 2073 capta
890 2024 991 2061 hanc
1018 2037 1136 2060 unam
1162 2024 1324 2061 domum
1351 2025 1460 2073 quasi

134 2089 311 2126 acerrimi
341 2089 642 2139 propugnatoris
677 2088 751 2127 sibi
782 2090 992 2126 delendam
1025 2089 1185 2137 putavit,
1224 2089 1298 2125 iam
1336 2089 1386 2125 illi
1421 2087 1459 2126 di

185 2204 193 2222 ι
223 2204 300 2223 cura
314 2198 487 2232 metusque
499 2193 557 2223 M:
576 2192 935 2231 curamequePclplcr.
1010 2204 1027 2230 4
1056 2192 1216 2223 indomito
1230 2192 1337 2221 Halm
1356 2203 1361 2221 :
1380 2191 1461 2221 inito

136 2236 223 2266 codd.
241 2248 248 2266 ι
266 2236 370 2274 ignito
384 2236 575 2276 Naugerius
589 2246 596 2271 <
609 2238 637 2265 ΙΝ
740 2245 758 2273 5
784 2240 873 2265 metu
894 2236 1084 2273 exagitatus
1101 2236 1216 2275 scripsi
1234 2235 1461 2267 <exanimatus

136 2279 753 2316 ΙΙαΙιιι,ειςῑυ5ζ’[ανἸῑΛεῐτίῐιιεΚοῑΙιἺτ
778 2284 886 2308 metus
898 2279 986 2309 codd.
1005 2278 1173 2308 *victuskz
1196 2289 1278 2307 num
1294 2283 1383 2308 metu
1396 2278 1460 2307 vic-

138 2323 240 2359 tuso:
259 2322 500 2354 mentisMadv.
584 2333 620 2352 xo
637 2322 698 2352 soli
711 2321 830 2353 Lamb.
909 2331 944 2359 17
964 2332 1061 2351 omne
1074 2332 1170 2351 suum
1185 2322 1317 2353 Garun:
1343 2331 1461 2350 omnes

138 2370 206 2395 tum
221 2365 308 2396 codd.
325 2367 461 2405 (omnes
475 2366 507 2396 hi
519 2372 630 2396 tamen
649 2366 683 2395 ki
778 2375 816 2403 19
833 2365 1036 2395 arbitrantur
1050 2364 1165 2395 Lamb.
1230 2375 1270 2393 22
1297 2364 1460 2394 redditum

139 2407 169 2436 l>²
185 2411 214 2437 el
223 2408 268 2438 ed.
282 2408 349 2481 Izi:
367 2410 540 2439 reductum
555 2409 640 2439 codd.
692 2409 833 2438 fructum
852 2409 959 2447 ipsum
971 2407 1097 2437 HGbke
1187 2418 1228 2445 29
1247 2408 1308 2436 iam
1324 2407 1436 2437 Madv.
1454 2419 1459 2437 :

139 2455 249 2481 tamen
265 2462 297 2481 co
309 2464 352 2482 «τ.

1478 176 1531 207 141

1473 706 1526 752 56

1478 775 1535 806 142

1480 1455 1540 1486 ¹43
