1774 2782
157 540 174 570 5

134 862 171 884 10

123 1522 163 1542 20

282 157 356 194 DE
390 156 716 197 PROVINCIIS
748 159 1172 200 CONSVLARIBVS
1204 162 1420 201 ORATIO
1495 167 1558 210 48

198 280 287 304 cum
319 266 570 317 improbitate
591 270 751 308 certavit
782 277 823 308 ut
849 283 966 310 nemo
995 279 1127 322 posset
1149 280 1277 310 utrum
1308 274 1521 322 protervior

195 344 245 369 an
268 331 458 370 infelicior
479 341 580 372 esset
602 333 784 373 iudicare.

248 400 312 435 An
341 411 431 436 vero
459 398 498 436 in
530 400 637 448 Syria
669 400 816 439 diutius
843 409 900 439 est
933 403 1156 440 Semiramis
1190 402 1253 440 illa
1285 405 1556 446 retinenda?9

193 463 304 500 cuius
326 461 396 501 iter
416 462 454 500 in
480 463 719 513 provinciam
745 465 815 503 fuit
840 466 922 504 eius
952 467 1059 505 modi
1085 475 1125 504 ut
1151 481 1216 505 rex
1239 468 1518 507 Ariobarzanes

193 528 395 566 consulem
418 537 587 566 vestrum
608 530 658 567 ad
686 531 849 568 caedem
877 531 1097 569 faciendam
1127 540 1327 582 tamquam
1346 535 1516 583 aliquem

192 593 410 631 Thraecem
435 594 702 641 conduceretJ
733 595 880 634 deinde
907 596 1100 633 adventus
1131 596 1170 633 in
1198 597 1344 646 Syriam
1371 598 1516 647 primus

191 656 387 706 equitatus
429 658 567 696 habuit
609 658 820 706 interitum,
862 667 950 709 post
996 660 1178 699 concisae
1216 669 1306 699 sunt
1344 663 1515 711 optimae

191 723 384 761 cohortes.
454 724 576 773 Igitur
611 725 649 761 in
679 723 785 774 Syria
817 724 1051 774 imperatore
1088 728 1153 764 illo
1185 727 1278 764 nihil
1298 727 1403 765 aliud
1439 741 1515 764 um-

189 801 303 836 quam
333 795 464 826 actum
497 797 555 826 est
586 789 658 827 nisi
690 789 892 839 pactiones
926 791 1179 840 pecuniarum
1210 805 1299 830 cum
1331 795 1513 842 tyrannis,

189 851 420 899 decisiones,
445 852 696 903 direptiones,
718 854 932 902 latrocinia,
949 857 1101 902 caedes,
1125 869 1215 894 cum
1237 858 1364 906 palam
1382 857 1514 907 populi

189 917 361 955 Romani
377 919 596 967 imperator,
615 918 805 958 instructo
824 920 1005 967 exercitu,
1023 922 1221 960 dexteram
1239 923 1416 970 tendens,
1437 936 1514 961 non

187 983 237 1020 ad
269 983 427 1021 laudem
460 983 601 1021 milites
636 985 864 1032 hortaretur,
892 987 961 1024 sed
989 988 1122 1025 onmia
1146 986 1219 1025 sibi
1250 995 1287 1025 et
1317 995 1448 1037 empta
1478 996 1514 1026 et

187 1048 357 1085 emenda
377 1061 462 1086 esse
483 1049 678 1087 clamaret.

241 1113 327 1150 Iam
348 1126 439 1151 vero
457 1113 690 1163 publicanos
710 1115 992 1155 miseros—me
1015 1116 1132 1155 etiam
1155 1119 1338 1156 miserum
1361 1117 1512 1156 illorum

187 1178 238 1216 ita
259 1179 310 1217 de
328 1192 389 1217 me
407 1181 633 1218 meritorum
651 1180 813 1219 miseriis
835 1195 880 1220 ac
903 1183 1038 1221 dolore
1056 1182 1277 1221 l—tradidit
1299 1185 1336 1220 in
1358 1183 1513 1222 servitu-

185 1253 263 1283 tem
287 1247 445 1285 Iudaeis
471 1256 508 1286 et
539 1249 652 1297 Syris,
677 1247 902 1285 nationibus
928 1247 1028 1285 natis
1053 1247 1236 1286 servituti.
1296 1248 1436 1286 Statuit
1460 1249 1510 1286 ab

184 1311 305 1360 initio,
329 1320 367 1351 et
388 1312 427 1350 in
453 1326 501 1351 eo
530 1312 800 1363 perseveravit,
824 1313 881 1350 ius
910 1312 1122 1362 publicano
1150 1325 1230 1350 non
1254 1312 1411 1359 dicere3
1449 1326 1510 1362 pa-

183 1377 333 1416 ctiones
354 1379 438 1417 sine
459 1380 537 1416 ulla
562 1377 701 1415 iniuria
734 1379 855 1415 factas
891 1376 1048 1415 rescidit
1066 1391 1076 1424 3
1114 1377 1312 1416 custodias
1333 1378 1510 1425 sustulit3

182 1442 379 1493 vectigalis
405 1446 548 1482 multos
575 1457 621 1481 ac
649 1442 921 1492 stipendiarios
953 1442 1157 1490 liberavit3
1191 1456 1270 1492 quo
1295 1442 1334 1479 in
1361 1443 1510 1492 oppido

182 1508 265 1558 ipse
285 1517 387 1547 esset
407 1517 474 1547 aut
496 1523 575 1559 quo
598 1509 757 1554 veniret,
781 1507 833 1545 ibi
857 1507 1111 1556 publicanum
1129 1515 1195 1545 aut
1216 1507 1413 1556 publicani
1437 1521 1509 1546 ser-

181 1587 272 1611 vum
304 1588 388 1613 esse
418 1575 549 1613 vetuit.
611 1574 719 1623 Quid
764 1574 918 1610 multa?
961 1573 1128 1610 crudelis
1163 1572 1371 1610 haberetur
1404 1572 1434 1609 si
1469 1573 1507 1610 in

181 1639 303 1677 hostis
337 1641 470 1678 animo
504 1641 638 1678 fuisset
674 1653 722 1678 eo
759 1652 838 1689 quo
875 1637 945 1675 suit
977 1638 1016 1674 in
1048 1636 1142 1674 civis
1178 1639 1391 1683 Romanos
1426 1637 1507 1675 eius

180 1704 327 1742 ordinis
349 1706 573 1755 praesertim
600 1705 665 1755 qui
693 1713 751 1743 est
774 1717 928 1753 semper
940 1709 1016 1751 pro
1037 1702 1225 1752 dignitate
1246 1716 1315 1739 sua
1336 1701 1508 1751 benigni-

181 1777 260 1807 tate
290 1770 583 1820 magistratuum
621 1777 871 1808 sustentatus.
935 1769 1086 1818 Itaque,
1122 1775 1249 1817 patres
1283 1767 1503 1817 conscripti,
1530 1785 1562 1806 11

180 1833 319 1872 videtis
347 1849 426 1873 non
455 1835 673 1874 temeritate
706 1833 988 1884 redemptionis
1022 1841 1088 1871 aut
1110 1834 1240 1882 negoti
1266 1832 1424 1882 gerendi
1454 1834 1504 1869 in-

179 1899 298 1946 scitia,
316 1901 386 1938 sed
399 1900 770 1950 avaritia,superbia‚
785 1900 1015 1938 crudelitate
1030 1898 1175 1936 Gabini
1189 1911 1313 1947 paene
1326 1897 1504 1935 adflictos

179 1963 255 2002 iam
287 1973 404 2015 atque
436 1979 590 2005 eversos
619 1966 880 2016 publicanos:
912 1964 1056 2014 quibus
1089 1963 1249 2012 quidem
1280 1977 1348 2000 vos
1380 1963 1416 1999 in
1445 1962 1502 1999 his

177 2030 364 2079 angustiis
380 2031 499 2068 aerari
517 2039 648 2069 tamen
666 2029 904 2069 subveniatis
923 2042 1083 2067 necesse
1100 2036 1168 2074 est,
1188 2029 1257 2065 etsi
1277 2028 1350 2064 iam
1374 2026 1502 2064 multis

178 2107 257 2132 non
273 2097 445 2144 potestis,
462 2095 527 2145 qui
546 2103 702 2145 propter
718 2095 824 2132 illum
840 2095 992 2131 hostem
1009 2101 1177 2139 senatus,
1190 2091 1500 2129 inimicissimum

1533 1100 1557 1138 5

1538 1161 1575 1181 10

225 2208 235 2227 1
265 2199 453 2237 protervior
468 2199 585 2230 Lamb.
601 2211 606 2229 :
625 2199 793 2238 posterior
807 2198 895 2230 codd.
909 2197 992 2231 (Pis.
1010 2199 1091 2233 §66t
1107 2209 1112 2227 :
1132 2197 1279 2227 deterior·
1290 2196 1501 2235 ffdngclitts:

178 2241 391 2281 pestilentior
407 2242 447 2274 (2².
466 2241 559 2272 Num
583 2243 797 2281 probrosior?
887 2243 907 2271 8
932 2251 1087 2279 umquam
1106 2241 1238 2279 scripsi:
1267 2250 1372 2278 neque
1393 2238 1479 2269 codd.
1495 2251 1500 2269 1

177 2290 308 2321 gestum
332 2295 441 2324 neque
468 2285 563 2316 Orell.
588 2290 670 2316 auct.
694 2285 798 2324 suppl.
823 2284 1021 2323 A⁷lolz(P1's.
1047 2286 1062 2319 ξ
1086 2292 1165 2322 4021:
1192 2284 1369 2321 cogitatum
1392 2292 1500 2320 neque

178 2328 292 2359 Madv.
400 2339 436 2358 12
461 2329 652 2359 hortaretur
667 2328 713 2359 ecl.
736 2328 798 2358 V.:
824 2329 977 2359 hortetur
1001 2326 1091 2357 codd.
1206 2337 1240 2364 13
1267 2326 1386 2356 clamet
1411 2324 1498 2356 codd.

175 2374 299 2410 praeter
324 2371 353 2402 G
376 2371 629 2411 (conclamaret,
659 2382 725 2403 om.
751 2373 842 2411 esse)
956 2380 998 2399 20
1022 2375 1077 2399 aut
1095 2380 1162 2408 quo
1180 2369 1260 2400 hs‘t:
1287 2375 1342 2399 aut
1361 2369 1415 2407 qui
1435 2368 1495 2398 rell.

177 2425 217 2453 23
251 2425 311 2454 pro
344 2415 420 2446 add.
456 2415 614 2456 Pluygers
787 2425 827 2453 24
861 2414 1113 2452 magistratuum
1146 2413 1224 2443 coni.
1259 2412 1374 2451 Kays„
1405 2412 1496 2453 prob.

177 2457 352 2489 Zielinski:
379 2460 593 2498 magistratus
611 2459 697 2491 codd.
