<?xml version="1.0" encoding="UTF-8"?>
<!DOCTYPE html PUBLIC "-//W3C//DTD XHTML 1.0 Transitional//EN"
    "http://www.w3.org/TR/xhtml1/DTD/xhtml1-transitional.dtd">
<html xmlns="http://www.w3.org/1999/xhtml" xml:lang="en" lang="en">
 <head>
  <title>
</title>
<meta http-equiv="Content-Type" content="text/html;charset=utf-8" />
  <meta name='ocr-system' content='tesseract 3.04.00' />
  <meta name='ocr-capabilities' content='ocr_page ocr_carea ocr_par ocr_line ocrx_word'/>
</head>
<body>
  <div class='ocr_page' id='page_1' title='image "./orationesrecogno05ciceuoft/orationesrecogno05ciceuoft_0054.png"; bbox 0 0 1774 2782; ppageno 0'>
   <div class='ocr_carea' id='block_1_1' title="bbox 288 120 1298 171">
    <p class='ocr_par' dir='ltr' id='par_1_1' title="bbox 288 120 1298 171">
     <span class='ocr_line' id='line_1_1' title="bbox 288 120 1298 171; baseline -0.007 -8"><span class='ocrx_word' id='word_1_1' title='bbox 288 135 312 171; x_wconf 91' lang='lat'><em>5</em></span> <span class='ocrx_word' id='word_1_2' title='bbox 337 141 369 163; x_wconf 86' lang='lat'>11</span> <span class='ocrx_word' id='word_1_3' title='bbox 708 125 763 160; x_wconf 88' lang='lat' dir='ltr'>M.</span> <span class='ocrx_word' id='word_1_4' title='bbox 794 122 960 159; x_wconf 81' lang='lat' dir='ltr'>TVLLI</span> <span class='ocrx_word' id='word_1_5' title='bbox 993 120 1298 159; x_wconf 87' lang='lat' dir='ltr'>CICERONIS</span> 
     </span>
    </p>
   </div>
   <div class='ocr_carea' id='block_1_2' title="bbox 273 770 307 791">
    <p class='ocr_par' dir='ltr' id='par_1_2' title="bbox 273 770 307 791">
     <span class='ocr_line' id='line_1_2' title="bbox 273 770 307 791; baseline 0 0"><span class='ocrx_word' id='word_1_6' title='bbox 273 770 307 791; x_wconf 87' lang='lat'>12</span> 
     </span>
    </p>
   </div>
   <div class='ocr_carea' id='block_1_3' title="bbox 275 1815 312 1847">
    <p class='ocr_par' dir='ltr' id='par_1_3' title="bbox 275 1815 312 1847">
     <span class='ocr_line' id='line_1_3' title="bbox 275 1815 312 1847; baseline 0 0"><span class='ocrx_word' id='word_1_7' title='bbox 275 1815 312 1847; x_wconf 81' lang='lat'>¹3</span> 
     </span>
    </p>
   </div>
   <div class='ocr_carea' id='block_1_4' title="bbox 332 229 1724 2170">
    <p class='ocr_par' dir='ltr' id='par_1_4' title="bbox 332 229 1724 2170">
     <span class='ocr_line' id='line_1_4' title="bbox 333 229 1657 284; baseline -0.006 -11"><span class='ocrx_word' id='word_1_8' title='bbox 333 236 372 273; x_wconf 91' lang='lat' dir='ltr'>id</span> <span class='ocrx_word' id='word_1_9' title='bbox 398 235 623 273; x_wconf 89' lang='lat' dir='ltr'>coniectura</span> <span class='ocrx_word' id='word_1_10' title='bbox 649 233 996 284; x_wconf 86' lang='lat' dir='ltr'>prospiciebamus,</span> <span class='ocrx_word' id='word_1_11' title='bbox 1030 233 1099 269; x_wconf 83' lang='lat' dir='ltr'>sed</span> <span class='ocrx_word' id='word_1_12' title='bbox 1130 231 1206 268; x_wconf 84' lang='lat' dir='ltr'>iam</span> <span class='ocrx_word' id='word_1_13' title='bbox 1237 229 1383 279; x_wconf 82' lang='lat' dir='ltr'>experti</span> <span class='ocrx_word' id='word_1_14' title='bbox 1414 229 1657 267; x_wconf 87' lang='lat' dir='ltr'>videbamus.</span> 
     </span>
     <span class='ocr_line' id='line_1_5' title="bbox 334 293 1661 348; baseline -0.007 -10"><span class='ocrx_word' id='word_1_15' title='bbox 334 302 436 338; x_wconf 89' lang='lat' dir='ltr'>Nam</span> <span class='ocrx_word' id='word_1_16' title='bbox 472 314 561 337; x_wconf 90' lang='lat' dir='ltr'>cum</span> <span class='ocrx_word' id='word_1_17' title='bbox 594 300 876 348; x_wconf 75' lang='lat' dir='ltr'>ingravesceret</span> <span class='ocrx_word' id='word_1_18' title='bbox 907 309 1076 342; x_wconf 88' lang='lat' dir='ltr'>annona,</span> <span class='ocrx_word' id='word_1_19' title='bbox 1109 303 1151 332; x_wconf 92' lang='lat' dir='ltr'>ut</span> <span class='ocrx_word' id='word_1_20' title='bbox 1183 295 1260 331; x_wconf 86' lang='lat' dir='ltr'>iam</span> <span class='ocrx_word' id='word_1_21' title='bbox 1295 295 1411 343; x_wconf 85' lang='lat' dir='ltr'>plane</span> <span class='ocrx_word' id='word_1_22' title='bbox 1449 293 1582 342; x_wconf 88' lang='lat' dir='ltr'>inopia</span> <span class='ocrx_word' id='word_1_23' title='bbox 1615 306 1661 329; x_wconf 93' lang='lat' dir='ltr'>ac</span> 
     </span>
     <span class='ocr_line' id='line_1_6' title="bbox 332 358 1661 408; baseline -0.008 -6"><span class='ocrx_word' id='word_1_24' title='bbox 332 367 452 402; x_wconf 85' lang='lat' dir='ltr'>fames</span> <span class='ocrx_word' id='word_1_25' title='bbox 474 378 554 401; x_wconf 92' lang='lat' dir='ltr'>non</span> <span class='ocrx_word' id='word_1_26' title='bbox 576 363 713 400; x_wconf 87' lang='lat' dir='ltr'>caritas</span> <span class='ocrx_word' id='word_1_27' title='bbox 735 362 944 407; x_wconf 75' lang='lat' dir='ltr'>timeretur,</span> <span class='ocrx_word' id='word_1_28' title='bbox 965 373 1178 398; x_wconf 88' lang='lat' dir='ltr'>concursus</span> <span class='ocrx_word' id='word_1_29' title='bbox 1195 367 1253 397; x_wconf 86' lang='lat' dir='ltr'>est</span> <span class='ocrx_word' id='word_1_30' title='bbox 1273 360 1323 396; x_wconf 87' lang='lat' dir='ltr'>ad</span> <span class='ocrx_word' id='word_1_31' title='bbox 1346 359 1536 408; x_wconf 88' lang='lat' dir='ltr'>templum</span> <span class='ocrx_word' id='word_1_32' title='bbox 1559 358 1661 396; x_wconf 89' lang='lat' dir='ltr'>Con-</span> 
     </span>
     <span class='ocr_line' id='line_1_7' title="bbox 332 422 1658 474; baseline -0.006 -7"><span class='ocrx_word' id='word_1_33' title='bbox 332 429 488 466; x_wconf 77' lang='lat' dir='ltr'>cordiae</span> <span class='ocrx_word' id='word_1_34' title='bbox 509 431 644 474; x_wconf 87' lang='lat' dir='ltr'>sactus,</span> <span class='ocrx_word' id='word_1_35' title='bbox 668 435 847 465; x_wconf 85' lang='lat' dir='ltr'>senatum</span> <span class='ocrx_word' id='word_1_36' title='bbox 869 426 960 464; x_wconf 88' lang='lat' dir='ltr'>illuc</span> <span class='ocrx_word' id='word_1_37' title='bbox 981 433 1148 463; x_wconf 86' lang='lat' dir='ltr'>vocante</span> <span class='ocrx_word' id='word_1_38' title='bbox 1170 425 1336 462; x_wconf 88' lang='lat' dir='ltr'>Metello</span> <span class='ocrx_word' id='word_1_39' title='bbox 1356 424 1528 461; x_wconf 85' lang='lat' dir='ltr'>consule.</span> <span class='ocrx_word' id='word_1_40' title='bbox 1581 422 1658 470; x_wconf 83' lang='lat' dir='ltr'>Qui</span> 
     </span>
     <span class='ocr_line' id='line_1_8' title="bbox 332 488 1698 535; baseline -0.007 -3"><span class='ocrx_word' id='word_1_41' title='bbox 332 494 360 531; x_wconf 82' lang='lat' dir='ltr'>si</span> <span class='ocrx_word' id='word_1_42' title='bbox 393 507 503 531; x_wconf 84' lang='lat' dir='ltr'>verus</span> <span class='ocrx_word' id='word_1_43' title='bbox 534 495 604 531; x_wconf 89' lang='lat' dir='ltr'>fuit</span> <span class='ocrx_word' id='word_1_44' title='bbox 639 507 685 530; x_wconf 88' lang='lat' dir='ltr'>ex</span> <span class='ocrx_word' id='word_1_45' title='bbox 715 494 850 530; x_wconf 91' lang='lat' dir='ltr'>dolore</span> <span class='ocrx_word' id='word_1_46' title='bbox 880 491 1087 528; x_wconf 89' lang='lat' dir='ltr'>hominum</span> <span class='ocrx_word' id='word_1_47' title='bbox 1122 497 1160 527; x_wconf 88' lang='lat' dir='ltr'>et</span> <span class='ocrx_word' id='word_1_48' title='bbox 1195 490 1308 535; x_wconf 90' lang='lat' dir='ltr'>same,</span> <span class='ocrx_word' id='word_1_49' title='bbox 1340 496 1444 525; x_wconf 87' lang='lat' dir='ltr'>certe</span> <span class='ocrx_word' id='word_1_50' title='bbox 1478 488 1660 525; x_wconf 84' lang='lat' dir='ltr'>consules</span> <span class='ocrx_word' id='word_1_51' title='bbox 1681 496 1698 528; x_wconf 92' lang='lat'><strong>5</strong></span> 
     </span>
     <span class='ocr_line' id='line_1_9' title="bbox 333 553 1661 607; baseline -0.006 -11"><span class='ocrx_word' id='word_1_52' title='bbox 333 572 489 596; x_wconf 87' lang='lat' dir='ltr'>causam</span> <span class='ocrx_word' id='word_1_53' title='bbox 519 558 725 607; x_wconf 76' lang='lat' dir='ltr'>suscipere,</span> <span class='ocrx_word' id='word_1_54' title='bbox 756 565 859 594; x_wconf 88' lang='lat' dir='ltr'>certe</span> <span class='ocrx_word' id='word_1_55' title='bbox 888 563 1045 593; x_wconf 82' lang='lat' dir='ltr'>senatus</span> <span class='ocrx_word' id='word_1_56' title='bbox 1075 554 1225 603; x_wconf 88' lang='lat' dir='ltr'>aliquid</span> <span class='ocrx_word' id='word_1_57' title='bbox 1256 553 1394 591; x_wconf 90' lang='lat' dir='ltr'>consili</span> <span class='ocrx_word' id='word_1_58' title='bbox 1426 565 1565 602; x_wconf 83' lang='lat' dir='ltr'>capere</span> <span class='ocrx_word' id='word_1_59' title='bbox 1595 564 1661 601; x_wconf 95' lang='lat' dir='ltr'>po-</span> 
     </span>
     <span class='ocr_line' id='line_1_10' title="bbox 332 616 1661 670; baseline -0.006 -9"><span class='ocrx_word' id='word_1_60' title='bbox 332 624 430 670; x_wconf 81' lang='lat' dir='ltr'>tuit3</span> <span class='ocrx_word' id='word_1_61' title='bbox 459 624 518 660; x_wconf 91' lang='lat' dir='ltr'>sin</span> <span class='ocrx_word' id='word_1_62' title='bbox 540 636 656 660; x_wconf 86' lang='lat' dir='ltr'>causa</span> <span class='ocrx_word' id='word_1_63' title='bbox 681 621 751 659; x_wconf 87' lang='lat' dir='ltr'>fuit</span> <span class='ocrx_word' id='word_1_64' title='bbox 778 634 948 666; x_wconf 85' lang='lat' dir='ltr'>annona,</span> <span class='ocrx_word' id='word_1_65' title='bbox 980 619 1184 657; x_wconf 82' lang='lat' dir='ltr'>seditionis</span> <span class='ocrx_word' id='word_1_66' title='bbox 1209 618 1369 667; x_wconf 91' lang='lat' dir='ltr'>quidem</span> <span class='ocrx_word' id='word_1_67' title='bbox 1398 616 1661 655; x_wconf 85' lang='lat' dir='ltr'>instimulator</span> 
     </span>
     <span class='ocr_line' id='line_1_11' title="bbox 333 682 1660 733; baseline -0.005 -7"><span class='ocrx_word' id='word_1_68' title='bbox 333 696 370 726; x_wconf 88' lang='lat' dir='ltr'>et</span> <span class='ocrx_word' id='word_1_69' title='bbox 400 688 616 725; x_wconf 84' lang='lat' dir='ltr'>concitator</span> <span class='ocrx_word' id='word_1_70' title='bbox 646 695 686 724; x_wconf 87' lang='lat' dir='ltr'>tu</span> <span class='ocrx_word' id='word_1_71' title='bbox 717 686 832 732; x_wconf 87' lang='lat' dir='ltr'>fuisti,</span> <span class='ocrx_word' id='word_1_72' title='bbox 866 699 999 723; x_wconf 86' lang='lat' dir='ltr'>nonne</span> <span class='ocrx_word' id='word_1_73' title='bbox 1030 685 1069 723; x_wconf 93' lang='lat' dir='ltr'>id</span> <span class='ocrx_word' id='word_1_74' title='bbox 1099 685 1297 733; x_wconf 83' lang='lat' dir='ltr'>agendum</span> <span class='ocrx_word' id='word_1_75' title='bbox 1328 682 1444 721; x_wconf 89' lang='lat' dir='ltr'>nobis</span> <span class='ocrx_word' id='word_1_76' title='bbox 1473 682 1660 722; x_wconf 91' lang='lat' dir='ltr'>omnibus</span> 
     </span>
     <span class='ocr_line' id='line_1_12' title="bbox 333 748 1661 797; baseline -0.003 -7"><span class='ocrx_word' id='word_1_77' title='bbox 333 754 401 790; x_wconf 88' lang='lat' dir='ltr'>fuit</span> <span class='ocrx_word' id='word_1_78' title='bbox 422 762 461 790; x_wconf 85' lang='lat' dir='ltr'>ut</span> <span class='ocrx_word' id='word_1_79' title='bbox 479 752 679 790; x_wconf 77' lang='lat' dir='ltr'>materiem</span> <span class='ocrx_word' id='word_1_80' title='bbox 697 752 1015 789; x_wconf 74' lang='lat' dir='ltr'>subtraheremus</span> <span class='ocrx_word' id='word_1_81' title='bbox 1032 749 1149 788; x_wconf 88' lang='lat' dir='ltr'>furori</span> <span class='ocrx_word' id='word_1_82' title='bbox 1168 751 1268 787; x_wconf 87' lang='lat' dir='ltr'>tuo?</span> <span class='ocrx_word' id='word_1_83' title='bbox 1297 749 1436 797; x_wconf 81' lang='lat' dir='ltr'>Quid?</span> <span class='ocrx_word' id='word_1_84' title='bbox 1468 748 1499 786; x_wconf 90' lang='lat' dir='ltr'>si</span> <span class='ocrx_word' id='word_1_85' title='bbox 1516 756 1661 786; x_wconf 89' lang='lat' dir='ltr'>utrum-</span> 
     </span>
     <span class='ocr_line' id='line_1_13' title="bbox 333 815 1723 868; baseline -0.004 -12"><span class='ocrx_word' id='word_1_86' title='bbox 333 833 409 868; x_wconf 88' lang='lat' dir='ltr'>que</span> <span class='ocrx_word' id='word_1_87' title='bbox 431 819 509 865; x_wconf 80' lang='lat' dir='ltr'>fuit,</span> <span class='ocrx_word' id='word_1_88' title='bbox 534 826 575 856; x_wconf 89' lang='lat' dir='ltr'>ut</span> <span class='ocrx_word' id='word_1_89' title='bbox 597 826 633 856; x_wconf 87' lang='lat' dir='ltr'>et</span> <span class='ocrx_word' id='word_1_90' title='bbox 655 820 776 855; x_wconf 89' lang='lat' dir='ltr'>fames</span> <span class='ocrx_word' id='word_1_91' title='bbox 798 817 1013 855; x_wconf 73' lang='lat' dir='ltr'>stimularet</span> <span class='ocrx_word' id='word_1_92' title='bbox 1042 816 1222 854; x_wconf 87' lang='lat' dir='ltr'>homines</span> <span class='ocrx_word' id='word_1_93' title='bbox 1243 823 1280 853; x_wconf 89' lang='lat' dir='ltr'>et</span> <span class='ocrx_word' id='word_1_94' title='bbox 1301 823 1342 852; x_wconf 89' lang='lat' dir='ltr'>tu</span> <span class='ocrx_word' id='word_1_95' title='bbox 1370 815 1410 853; x_wconf 88' lang='lat' dir='ltr'>in</span> <span class='ocrx_word' id='word_1_96' title='bbox 1434 816 1511 852; x_wconf 89' lang='lat' dir='ltr'>hoc</span> <span class='ocrx_word' id='word_1_97' title='bbox 1532 816 1661 852; x_wconf 86' lang='lat' dir='ltr'>ulcere</span> <span class='ocrx_word' id='word_1_98' title='bbox 1686 828 1723 848; x_wconf 86' lang='lat'>10</span> 
     </span>
     <span class='ocr_line' id='line_1_14' title="bbox 333 880 1662 933; baseline -0.003 -12"><span class='ocrx_word' id='word_1_99' title='bbox 333 892 533 933; x_wconf 75' lang='lat' dir='ltr'>tamquam</span> <span class='ocrx_word' id='word_1_100' title='bbox 556 884 700 933; x_wconf 80' lang='lat' dir='ltr'>inguen</span> <span class='ocrx_word' id='word_1_101' title='bbox 729 883 941 929; x_wconf 75' lang='lat' dir='ltr'>exsisteres,</span> <span class='ocrx_word' id='word_1_102' title='bbox 965 896 1099 919; x_wconf 87' lang='lat' dir='ltr'>nonne</span> <span class='ocrx_word' id='word_1_103' title='bbox 1122 881 1191 918; x_wconf 85' lang='lat' dir='ltr'>fuit</span> <span class='ocrx_word' id='word_1_104' title='bbox 1212 895 1260 919; x_wconf 91' lang='lat' dir='ltr'>eo</span> <span class='ocrx_word' id='word_1_105' title='bbox 1285 881 1408 918; x_wconf 90' lang='lat' dir='ltr'>maior</span> <span class='ocrx_word' id='word_1_106' title='bbox 1435 880 1662 918; x_wconf 82' lang='lat' dir='ltr'>adhibenda</span> 
     </span>
     <span class='ocr_line' id='line_1_15' title="bbox 334 945 1660 997; baseline -0.005 -10"><span class='ocrx_word' id='word_1_107' title='bbox 334 949 531 987; x_wconf 89' lang='lat' dir='ltr'>medicina</span> <span class='ocrx_word' id='word_1_108' title='bbox 565 962 666 997; x_wconf 85' lang='lat' dir='ltr'>quae</span> <span class='ocrx_word' id='word_1_109' title='bbox 701 956 738 986; x_wconf 86' lang='lat' dir='ltr'>et</span> <span class='ocrx_word' id='word_1_110' title='bbox 774 948 870 985; x_wconf 91' lang='lat' dir='ltr'>illud</span> <span class='ocrx_word' id='word_1_111' title='bbox 907 947 1081 984; x_wconf 80' lang='lat' dir='ltr'>nativum</span> <span class='ocrx_word' id='word_1_112' title='bbox 1125 954 1161 984; x_wconf 88' lang='lat' dir='ltr'>et</span> <span class='ocrx_word' id='word_1_113' title='bbox 1198 947 1274 983; x_wconf 90' lang='lat' dir='ltr'>hoc</span> <span class='ocrx_word' id='word_1_114' title='bbox 1314 945 1479 983; x_wconf 89' lang='lat' dir='ltr'>inlatum</span> <span class='ocrx_word' id='word_1_115' title='bbox 1514 946 1660 982; x_wconf 90' lang='lat' dir='ltr'>malum</span> 
     </span>
     <span class='ocr_line' id='line_1_16' title="bbox 333 1010 1662 1063; baseline -0.004 -12"><span class='ocrx_word' id='word_1_116' title='bbox 333 1028 468 1051; x_wconf 90' lang='lat' dir='ltr'>sanare</span> <span class='ocrx_word' id='word_1_117' title='bbox 504 1016 664 1063; x_wconf 85' lang='lat' dir='ltr'>posset?</span> <span class='ocrx_word' id='word_1_118' title='bbox 714 1015 805 1050; x_wconf 86' lang='lat' dir='ltr'>Erat</span> <span class='ocrx_word' id='word_1_119' title='bbox 841 1012 955 1061; x_wconf 77' lang='lat' dir='ltr'>igitur</span> <span class='ocrx_word' id='word_1_120' title='bbox 993 1020 1030 1049; x_wconf 86' lang='lat' dir='ltr'>et</span> <span class='ocrx_word' id='word_1_121' title='bbox 1070 1024 1254 1061; x_wconf 79' lang='lat' dir='ltr'>praesens</span> <span class='ocrx_word' id='word_1_122' title='bbox 1289 1010 1427 1047; x_wconf 82' lang='lat' dir='ltr'>caritas</span> <span class='ocrx_word' id='word_1_123' title='bbox 1463 1018 1499 1047; x_wconf 91' lang='lat' dir='ltr'>et</span> <span class='ocrx_word' id='word_1_124' title='bbox 1536 1011 1662 1046; x_wconf 89' lang='lat' dir='ltr'>futura</span> 
     </span>
     <span class='ocr_line' id='line_1_17' title="bbox 333 1075 1662 1126; baseline -0.004 -10"><span class='ocrx_word' id='word_1_125' title='bbox 333 1081 479 1126; x_wconf 79' lang='lat' dir='ltr'>fames:</span> <span class='ocrx_word' id='word_1_126' title='bbox 523 1093 601 1115; x_wconf 90' lang='lat' dir='ltr'>non</span> <span class='ocrx_word' id='word_1_127' title='bbox 638 1087 695 1116; x_wconf 80' lang='lat' dir='ltr'>est</span> <span class='ocrx_word' id='word_1_128' title='bbox 728 1078 843 1125; x_wconf 81' lang='lat' dir='ltr'>satis:</span> <span class='ocrx_word' id='word_1_129' title='bbox 885 1079 986 1115; x_wconf 86' lang='lat' dir='ltr'>facta</span> <span class='ocrx_word' id='word_1_130' title='bbox 1018 1075 1207 1126; x_wconf 91' lang='lat' dir='ltr'>lapidatio</span> <span class='ocrx_word' id='word_1_131' title='bbox 1241 1084 1310 1113; x_wconf 88' lang='lat' dir='ltr'>est.</span> <span class='ocrx_word' id='word_1_132' title='bbox 1372 1077 1409 1113; x_wconf 87' lang='lat' dir='ltr'>Si</span> <span class='ocrx_word' id='word_1_133' title='bbox 1445 1090 1491 1113; x_wconf 85' lang='lat' dir='ltr'>ex</span> <span class='ocrx_word' id='word_1_134' title='bbox 1526 1076 1662 1112; x_wconf 86' lang='lat' dir='ltr'>dolore</span> 
     </span>
     <span class='ocr_line' id='line_1_18' title="bbox 333 1139 1720 1193; baseline -0.006 -12"><span class='ocrx_word' id='word_1_135' title='bbox 333 1144 460 1193; x_wconf 86' lang='lat' dir='ltr'>plebei</span> <span class='ocrx_word' id='word_1_136' title='bbox 478 1145 586 1181; x_wconf 90' lang='lat' dir='ltr'>nullo</span> <span class='ocrx_word' id='word_1_137' title='bbox 608 1143 806 1189; x_wconf 85' lang='lat' dir='ltr'>incitante,</span> <span class='ocrx_word' id='word_1_138' title='bbox 827 1155 1013 1191; x_wconf 77' lang='lat' dir='ltr'>magnum</span> <span class='ocrx_word' id='word_1_139' title='bbox 1031 1142 1177 1178; x_wconf 87' lang='lat' dir='ltr'>malum</span> <span class='ocrx_word' id='word_1_140' title='bbox 1194 1155 1205 1188; x_wconf 75' lang='lat'><em>3</em></span> <span class='ocrx_word' id='word_1_141' title='bbox 1233 1139 1264 1177; x_wconf 90' lang='lat' dir='ltr'>si</span> <span class='ocrx_word' id='word_1_142' title='bbox 1281 1142 1322 1176; x_wconf 89' lang='lat' dir='ltr'>P.</span> <span class='ocrx_word' id='word_1_143' title='bbox 1339 1139 1455 1179; x_wconf 92' lang='lat' dir='ltr'>Clodi</span> <span class='ocrx_word' id='word_1_144' title='bbox 1478 1139 1659 1188; x_wconf 85' lang='lat' dir='ltr'>impulsu,</span> <span class='ocrx_word' id='word_1_145' title='bbox 1685 1151 1720 1183; x_wconf 88' lang='lat'>15</span> 
     </span>
     <span class='ocr_line' id='line_1_19' title="bbox 333 1204 1661 1254; baseline -0.004 -8"><span class='ocrx_word' id='word_1_146' title='bbox 333 1209 518 1247; x_wconf 85' lang='lat' dir='ltr'>usitatum</span> <span class='ocrx_word' id='word_1_147' title='bbox 550 1208 721 1246; x_wconf 88' lang='lat' dir='ltr'>hominis</span> <span class='ocrx_word' id='word_1_148' title='bbox 750 1206 955 1245; x_wconf 76' lang='lat' dir='ltr'>facinerosi</span> <span class='ocrx_word' id='word_1_149' title='bbox 986 1207 1141 1253; x_wconf 83' lang='lat' dir='ltr'>scelus;</span> <span class='ocrx_word' id='word_1_150' title='bbox 1170 1204 1201 1243; x_wconf 89' lang='lat' dir='ltr'>si</span> <span class='ocrx_word' id='word_1_151' title='bbox 1226 1213 1449 1254; x_wconf 88' lang='lat' dir='ltr'>utrumque,</span> <span class='ocrx_word' id='word_1_152' title='bbox 1473 1212 1514 1241; x_wconf 91' lang='lat' dir='ltr'>ut</span> <span class='ocrx_word' id='word_1_153' title='bbox 1539 1212 1575 1242; x_wconf 92' lang='lat' dir='ltr'>et</span> <span class='ocrx_word' id='word_1_154' title='bbox 1603 1218 1661 1242; x_wconf 89' lang='lat' dir='ltr'>res</span> 
     </span>
     <span class='ocr_line' id='line_1_20' title="bbox 333 1269 1661 1323; baseline -0.005 -11"><span class='ocrx_word' id='word_1_155' title='bbox 333 1283 433 1312; x_wconf 85' lang='lat' dir='ltr'>esset</span> <span class='ocrx_word' id='word_1_156' title='bbox 462 1288 507 1312; x_wconf 85' lang='lat' dir='ltr'>ea</span> <span class='ocrx_word' id='word_1_157' title='bbox 535 1287 635 1323; x_wconf 89' lang='lat' dir='ltr'>quae</span> <span class='ocrx_word' id='word_1_158' title='bbox 661 1288 730 1311; x_wconf 86' lang='lat' dir='ltr'>sua</span> <span class='ocrx_word' id='word_1_159' title='bbox 759 1281 900 1322; x_wconf 85' lang='lat' dir='ltr'>sponte</span> <span class='ocrx_word' id='word_1_160' title='bbox 932 1270 1193 1309; x_wconf 83' lang='lat' dir='ltr'>multitudinis</span> <span class='ocrx_word' id='word_1_161' title='bbox 1218 1270 1373 1308; x_wconf 86' lang='lat' dir='ltr'>animos</span> <span class='ocrx_word' id='word_1_162' title='bbox 1402 1269 1591 1315; x_wconf 85' lang='lat' dir='ltr'>incitaret,</span> <span class='ocrx_word' id='word_1_163' title='bbox 1625 1277 1661 1307; x_wconf 86' lang='lat' dir='ltr'>et</span> 
     </span>
     <span class='ocr_line' id='line_1_21' title="bbox 334 1334 1662 1389; baseline -0.005 -12"><span class='ocrx_word' id='word_1_164' title='bbox 334 1340 453 1389; x_wconf 83' lang='lat' dir='ltr'>parati</span> <span class='ocrx_word' id='word_1_165' title='bbox 479 1347 597 1388; x_wconf 88' lang='lat' dir='ltr'>atque</span> <span class='ocrx_word' id='word_1_166' title='bbox 625 1338 760 1376; x_wconf 85' lang='lat' dir='ltr'>armati</span> <span class='ocrx_word' id='word_1_167' title='bbox 788 1337 991 1376; x_wconf 75' lang='lat' dir='ltr'>seditionis</span> <span class='ocrx_word' id='word_1_168' title='bbox 1017 1338 1150 1382; x_wconf 81' lang='lat' dir='ltr'>duces,</span> <span class='ocrx_word' id='word_1_169' title='bbox 1173 1337 1379 1373; x_wconf 84' lang='lat' dir='ltr'>videturne</span> <span class='ocrx_word' id='word_1_170' title='bbox 1400 1334 1484 1385; x_wconf 88' lang='lat' dir='ltr'>ipsa</span> <span class='ocrx_word' id='word_1_171' title='bbox 1513 1348 1571 1372; x_wconf 85' lang='lat' dir='ltr'>res</span> <span class='ocrx_word' id='word_1_172' title='bbox 1597 1348 1662 1384; x_wconf 88' lang='lat' dir='ltr'>pu-</span> 
     </span>
     <span class='ocr_line' id='line_1_22' title="bbox 335 1401 1661 1451; baseline -0.004 -10"><span class='ocrx_word' id='word_1_173' title='bbox 335 1405 434 1441; x_wconf 88' lang='lat' dir='ltr'>blica</span> <span class='ocrx_word' id='word_1_174' title='bbox 456 1412 492 1441; x_wconf 85' lang='lat' dir='ltr'>et</span> <span class='ocrx_word' id='word_1_175' title='bbox 518 1404 690 1441; x_wconf 87' lang='lat' dir='ltr'>consulis</span> <span class='ocrx_word' id='word_1_176' title='bbox 712 1402 897 1441; x_wconf 89' lang='lat' dir='ltr'>auxilium</span> <span class='ocrx_word' id='word_1_177' title='bbox 922 1402 1150 1451; x_wconf 85' lang='lat' dir='ltr'>implorasse</span> <span class='ocrx_word' id='word_1_178' title='bbox 1172 1409 1208 1439; x_wconf 87' lang='lat' dir='ltr'>et</span> <span class='ocrx_word' id='word_1_179' title='bbox 1231 1409 1389 1438; x_wconf 87' lang='lat' dir='ltr'>senatus</span> <span class='ocrx_word' id='word_1_180' title='bbox 1411 1401 1561 1437; x_wconf 86' lang='lat' dir='ltr'>fidem?</span> <span class='ocrx_word' id='word_1_181' title='bbox 1596 1402 1661 1437; x_wconf 86' lang='lat' dir='ltr'>At-</span> 
     </span>
     <span class='ocr_line' id='line_1_23' title="bbox 333 1466 1724 1518; baseline -0.004 -12"><span class='ocrx_word' id='word_1_182' title='bbox 333 1471 426 1518; x_wconf 85' lang='lat' dir='ltr'>quin</span> <span class='ocrx_word' id='word_1_183' title='bbox 445 1477 654 1518; x_wconf 82' lang='lat' dir='ltr'>utrumque</span> <span class='ocrx_word' id='word_1_184' title='bbox 676 1468 794 1506; x_wconf 82' lang='lat' dir='ltr'>fuisse</span> <span class='ocrx_word' id='word_1_185' title='bbox 811 1467 1061 1517; x_wconf 88' lang='lat' dir='ltr'>perspicuum</span> <span class='ocrx_word' id='word_1_186' title='bbox 1080 1475 1136 1504; x_wconf 85' lang='lat' dir='ltr'>est</span> <span class='ocrx_word' id='word_1_187' title='bbox 1155 1481 1164 1513; x_wconf 78' lang='lat'><em>3</em></span> <span class='ocrx_word' id='word_1_188' title='bbox 1193 1466 1463 1504; x_wconf 86' lang='lat' dir='ltr'>difficultatem</span> <span class='ocrx_word' id='word_1_189' title='bbox 1480 1478 1662 1502; x_wconf 87' lang='lat' dir='ltr'>annonae</span> <span class='ocrx_word' id='word_1_190' title='bbox 1685 1475 1724 1496; x_wconf 86' lang='lat'>20</span> 
     </span>
     <span class='ocr_line' id='line_1_24' title="bbox 333 1530 1662 1583; baseline -0.003 -12"><span class='ocrx_word' id='word_1_191' title='bbox 333 1548 608 1583; x_wconf 78' lang='lat' dir='ltr'>summamque</span> <span class='ocrx_word' id='word_1_192' title='bbox 630 1534 804 1583; x_wconf 87' lang='lat' dir='ltr'>inopiam</span> <span class='ocrx_word' id='word_1_193' title='bbox 826 1532 877 1570; x_wconf 91' lang='lat' dir='ltr'>rei</span> <span class='ocrx_word' id='word_1_194' title='bbox 902 1531 1188 1578; x_wconf 83' lang='lat' dir='ltr'>frumentariae,</span> <span class='ocrx_word' id='word_1_195' title='bbox 1213 1539 1254 1569; x_wconf 91' lang='lat' dir='ltr'>ut</span> <span class='ocrx_word' id='word_1_196' title='bbox 1276 1530 1457 1569; x_wconf 82' lang='lat' dir='ltr'>homines</span> <span class='ocrx_word' id='word_1_197' title='bbox 1479 1544 1557 1567; x_wconf 91' lang='lat' dir='ltr'>non</span> <span class='ocrx_word' id='word_1_198' title='bbox 1586 1530 1662 1567; x_wconf 91' lang='lat' dir='ltr'>iam</span> 
     </span>
     <span class='ocr_line' id='line_1_25' title="bbox 333 1597 1663 1647; baseline -0.004 -9"><span class='ocrx_word' id='word_1_199' title='bbox 333 1601 557 1638; x_wconf 89' lang='lat' dir='ltr'>diuturnam</span> <span class='ocrx_word' id='word_1_200' title='bbox 589 1602 801 1646; x_wconf 86' lang='lat' dir='ltr'>caritatem,</span> <span class='ocrx_word' id='word_1_201' title='bbox 835 1600 905 1637; x_wconf 87' lang='lat' dir='ltr'>sed</span> <span class='ocrx_word' id='word_1_202' title='bbox 934 1606 974 1636; x_wconf 89' lang='lat' dir='ltr'>ut</span> <span class='ocrx_word' id='word_1_203' title='bbox 1002 1600 1144 1636; x_wconf 88' lang='lat' dir='ltr'>famem</span> <span class='ocrx_word' id='word_1_204' title='bbox 1174 1599 1290 1647; x_wconf 89' lang='lat' dir='ltr'>plane</span> <span class='ocrx_word' id='word_1_205' title='bbox 1321 1597 1512 1643; x_wconf 88' lang='lat' dir='ltr'>timerent,</span> <span class='ocrx_word' id='word_1_206' title='bbox 1546 1610 1663 1634; x_wconf 90' lang='lat' dir='ltr'>nemo</span> 
     </span>
     <span class='ocr_line' id='line_1_26' title="bbox 335 1663 1663 1715; baseline -0.004 -12"><span class='ocrx_word' id='word_1_207' title='bbox 335 1674 475 1715; x_wconf 83' lang='lat' dir='ltr'>negat:</span> <span class='ocrx_word' id='word_1_208' title='bbox 507 1668 606 1703; x_wconf 87' lang='lat' dir='ltr'>hanc</span> <span class='ocrx_word' id='word_1_209' title='bbox 636 1666 752 1702; x_wconf 91' lang='lat' dir='ltr'>istum</span> <span class='ocrx_word' id='word_1_210' title='bbox 781 1664 835 1702; x_wconf 85' lang='lat' dir='ltr'>oti</span> <span class='ocrx_word' id='word_1_211' title='bbox 865 1672 901 1702; x_wconf 87' lang='lat' dir='ltr'>et</span> <span class='ocrx_word' id='word_1_212' title='bbox 923 1663 1029 1713; x_wconf 82' lang='lat' dir='ltr'>pacis</span> <span class='ocrx_word' id='word_1_213' title='bbox 1050 1665 1204 1701; x_wconf 78' lang='lat' dir='ltr'>hostem</span> <span class='ocrx_word' id='word_1_214' title='bbox 1236 1675 1394 1700; x_wconf 87' lang='lat' dir='ltr'>causam</span> <span class='ocrx_word' id='word_1_215' title='bbox 1420 1669 1663 1710; x_wconf 88' lang='lat' dir='ltr'>arrepturum</span> 
     </span>
     <span class='ocr_line' id='line_1_27' title="bbox 334 1726 1664 1778; baseline -0.004 -11"><span class='ocrx_word' id='word_1_216' title='bbox 334 1730 450 1768; x_wconf 81' lang='lat' dir='ltr'>fuisse</span> <span class='ocrx_word' id='word_1_217' title='bbox 480 1732 530 1768; x_wconf 86' lang='lat' dir='ltr'>ad</span> <span class='ocrx_word' id='word_1_218' title='bbox 559 1730 741 1768; x_wconf 88' lang='lat' dir='ltr'>incendia</span> <span class='ocrx_word' id='word_1_219' title='bbox 770 1731 901 1767; x_wconf 89' lang='lat' dir='ltr'>caedis</span> <span class='ocrx_word' id='word_1_220' title='bbox 928 1729 1081 1778; x_wconf 84' lang='lat' dir='ltr'>rapinas</span> <span class='ocrx_word' id='word_1_221' title='bbox 1113 1729 1216 1773; x_wconf 87' lang='lat' dir='ltr'>nolo,</span> <span class='ocrx_word' id='word_1_222' title='bbox 1247 1727 1464 1777; x_wconf 84' lang='lat' dir='ltr'>pontifices,</span> <span class='ocrx_word' id='word_1_223' title='bbox 1496 1726 1664 1775; x_wconf 83' lang='lat' dir='ltr'>suspice-</span> 
     </span>
     <span class='ocr_line' id='line_1_28' title="bbox 334 1792 1721 1843; baseline -0.004 -10"><span class='ocrx_word' id='word_1_224' title='bbox 334 1796 439 1842; x_wconf 88' lang='lat' dir='ltr'>mini,</span> <span class='ocrx_word' id='word_1_225' title='bbox 464 1796 536 1833; x_wconf 91' lang='lat' dir='ltr'>nisi</span> <span class='ocrx_word' id='word_1_226' title='bbox 558 1796 740 1833; x_wconf 77' lang='lat' dir='ltr'>videritis.</span> <span class='ocrx_word' id='word_1_227' title='bbox 803 1794 881 1843; x_wconf 83' lang='lat' dir='ltr'>Qui</span> <span class='ocrx_word' id='word_1_228' title='bbox 907 1802 996 1831; x_wconf 82' lang='lat' dir='ltr'>sunt</span> <span class='ocrx_word' id='word_1_229' title='bbox 1025 1793 1204 1831; x_wconf 84' lang='lat' dir='ltr'>homines</span> <span class='ocrx_word' id='word_1_230' title='bbox 1225 1807 1248 1830; x_wconf 86' lang='lat' dir='ltr'>a</span> <span class='ocrx_word' id='word_1_231' title='bbox 1276 1794 1323 1841; x_wconf 82' lang='lat' dir='ltr'>Q</span> <span class='ocrx_word' id='word_1_232' title='bbox 1350 1793 1525 1838; x_wconf 83' lang='lat' dir='ltr'>Metello,</span> <span class='ocrx_word' id='word_1_233' title='bbox 1548 1792 1662 1829; x_wconf 88' lang='lat' dir='ltr'>fratre</span> <span class='ocrx_word' id='word_1_234' title='bbox 1683 1801 1721 1833; x_wconf 84' lang='lat'>25</span> 
     </span>
     <span class='ocr_line' id='line_1_29' title="bbox 335 1856 1662 1909; baseline -0.003 -12"><span class='ocrx_word' id='word_1_235' title='bbox 335 1869 413 1907; x_wconf 77' lang='lat' dir='ltr'>tuo,</span> <span class='ocrx_word' id='word_1_236' title='bbox 434 1862 593 1898; x_wconf 86' lang='lat' dir='ltr'>consule</span> <span class='ocrx_word' id='word_1_237' title='bbox 616 1861 654 1897; x_wconf 92' lang='lat' dir='ltr'>in</span> <span class='ocrx_word' id='word_1_238' title='bbox 677 1869 814 1898; x_wconf 88' lang='lat' dir='ltr'>senatu</span> <span class='ocrx_word' id='word_1_239' title='bbox 837 1861 965 1909; x_wconf 88' lang='lat' dir='ltr'>palam</span> <span class='ocrx_word' id='word_1_240' title='bbox 992 1858 1194 1903; x_wconf 81' lang='lat' dir='ltr'>nominati,</span> <span class='ocrx_word' id='word_1_241' title='bbox 1218 1871 1240 1895; x_wconf 88' lang='lat' dir='ltr'>a</span> <span class='ocrx_word' id='word_1_242' title='bbox 1261 1857 1404 1907; x_wconf 89' lang='lat' dir='ltr'>quibus</span> <span class='ocrx_word' id='word_1_243' title='bbox 1425 1856 1490 1894; x_wconf 88' lang='lat' dir='ltr'>ille</span> <span class='ocrx_word' id='word_1_244' title='bbox 1510 1870 1552 1894; x_wconf 86' lang='lat' dir='ltr'>se</span> <span class='ocrx_word' id='word_1_245' title='bbox 1573 1856 1662 1906; x_wconf 89' lang='lat' dir='ltr'>lapi-</span> 
     </span>
     <span class='ocr_line' id='line_1_30' title="bbox 335 1922 1663 1976; baseline -0.005 -12"><span class='ocrx_word' id='word_1_246' title='bbox 335 1926 451 1964; x_wconf 86' lang='lat' dir='ltr'>dibus</span> <span class='ocrx_word' id='word_1_247' title='bbox 472 1926 702 1976; x_wconf 85' lang='lat' dir='ltr'>adpetitum,</span> <span class='ocrx_word' id='word_1_248' title='bbox 729 1926 843 1964; x_wconf 88' lang='lat' dir='ltr'>etiam</span> <span class='ocrx_word' id='word_1_249' title='bbox 875 1938 1103 1974; x_wconf 89' lang='lat' dir='ltr'>percussum</span> <span class='ocrx_word' id='word_1_250' title='bbox 1132 1938 1217 1962; x_wconf 87' lang='lat' dir='ltr'>esse</span> <span class='ocrx_word' id='word_1_251' title='bbox 1245 1925 1372 1962; x_wconf 84' lang='lat' dir='ltr'>dixit?</span> <span class='ocrx_word' id='word_1_252' title='bbox 1421 1924 1465 1961; x_wconf 89' lang='lat' dir='ltr'>L.</span> <span class='ocrx_word' id='word_1_253' title='bbox 1489 1922 1663 1972; x_wconf 83' lang='lat' dir='ltr'>Sergium</span> 
     </span>
     <span class='ocr_line' id='line_1_31' title="bbox 334 1987 1664 2039; baseline -0.003 -11"><span class='ocrx_word' id='word_1_254' title='bbox 334 2000 371 2029; x_wconf 89' lang='lat' dir='ltr'>et</span> <span class='ocrx_word' id='word_1_255' title='bbox 394 1994 448 2028; x_wconf 86' lang='lat' dir='ltr'>M.</span> <span class='ocrx_word' id='word_1_256' title='bbox 474 1993 644 2028; x_wconf 91' lang='lat' dir='ltr'>Lollium</span> <span class='ocrx_word' id='word_1_257' title='bbox 675 1991 902 2028; x_wconf 80' lang='lat' dir='ltr'>nominavit.</span> <span class='ocrx_word' id='word_1_258' title='bbox 965 1990 1065 2039; x_wconf 84' lang='lat' dir='ltr'>Quis</span> <span class='ocrx_word' id='word_1_259' title='bbox 1087 1997 1143 2027; x_wconf 85' lang='lat' dir='ltr'>est</span> <span class='ocrx_word' id='word_1_260' title='bbox 1175 1989 1244 2027; x_wconf 91' lang='lat' dir='ltr'>iste</span> <span class='ocrx_word' id='word_1_261' title='bbox 1267 1988 1449 2027; x_wconf 87' lang='lat' dir='ltr'>Lollius?</span> <span class='ocrx_word' id='word_1_262' title='bbox 1486 1987 1553 2037; x_wconf 90' lang='lat' dir='ltr'>qui</span> <span class='ocrx_word' id='word_1_263' title='bbox 1582 1987 1664 2024; x_wconf 89' lang='lat' dir='ltr'>sine</span> 
     </span>
     <span class='ocr_line' id='line_1_32' title="bbox 334 2052 1660 2106; baseline -0.002 -14"><span class='ocrx_word' id='word_1_264' title='bbox 334 2057 432 2093; x_wconf 89' lang='lat' dir='ltr'>ferro</span> <span class='ocrx_word' id='word_1_265' title='bbox 467 2070 515 2093; x_wconf 90' lang='lat' dir='ltr'>ne</span> <span class='ocrx_word' id='word_1_266' title='bbox 548 2070 653 2093; x_wconf 89' lang='lat' dir='ltr'>nunc</span> <span class='ocrx_word' id='word_1_267' title='bbox 691 2057 851 2106; x_wconf 88' lang='lat' dir='ltr'>quidem</span> <span class='ocrx_word' id='word_1_268' title='bbox 888 2064 1017 2094; x_wconf 90' lang='lat' dir='ltr'>tecum</span> <span class='ocrx_word' id='word_1_269' title='bbox 1051 2062 1119 2101; x_wconf 88' lang='lat' dir='ltr'>est,</span> <span class='ocrx_word' id='word_1_270' title='bbox 1157 2055 1225 2104; x_wconf 88' lang='lat' dir='ltr'>qui</span> <span class='ocrx_word' id='word_1_271' title='bbox 1259 2062 1296 2091; x_wconf 90' lang='lat' dir='ltr'>te</span> <span class='ocrx_word' id='word_1_272' title='bbox 1332 2053 1489 2091; x_wconf 89' lang='lat' dir='ltr'>tribuno</span> <span class='ocrx_word' id='word_1_273' title='bbox 1524 2052 1660 2102; x_wconf 89' lang='lat' dir='ltr'>plebis,</span> 
     </span>
     <span class='ocr_line' id='line_1_33' title="bbox 334 2117 1724 2170; baseline -0.001 -13"><span class='ocrx_word' id='word_1_274' title='bbox 334 2121 429 2158; x_wconf 83' lang='lat' dir='ltr'>nibil</span> <span class='ocrx_word' id='word_1_275' title='bbox 451 2122 500 2158; x_wconf 90' lang='lat' dir='ltr'>de</span> <span class='ocrx_word' id='word_1_276' title='bbox 529 2135 592 2159; x_wconf 91' lang='lat' dir='ltr'>me</span> <span class='ocrx_word' id='word_1_277' title='bbox 621 2122 760 2167; x_wconf 87' lang='lat' dir='ltr'>dicam,</span> <span class='ocrx_word' id='word_1_278' title='bbox 794 2123 862 2159; x_wconf 87' lang='lat' dir='ltr'>sed</span> <span class='ocrx_word' id='word_1_279' title='bbox 891 2121 957 2170; x_wconf 88' lang='lat' dir='ltr'>qui</span> <span class='ocrx_word' id='word_1_280' title='bbox 986 2122 1058 2160; x_wconf 92' lang='lat' dir='ltr'>Cn.</span> <span class='ocrx_word' id='word_1_281' title='bbox 1084 2119 1318 2169; x_wconf 89' lang='lat' dir='ltr'>Pompeium</span> <span class='ocrx_word' id='word_1_282' title='bbox 1347 2117 1660 2156; x_wconf 81' lang='lat' dir='ltr'>interficiendum</span> <span class='ocrx_word' id='word_1_283' title='bbox 1684 2126 1724 2156; x_wconf 76' lang='lat'>30</span> 
     </span>
    </p>
   </div>
   <div class='ocr_carea' id='block_1_5' title="bbox 334 2220 1667 2437">
    <p class='ocr_par' dir='ltr' id='par_1_5' title="bbox 334 2220 1667 2437">
     <span class='ocr_line' id='line_1_34' title="bbox 376 2220 1662 2265; baseline -0.002 -12"><span class='ocrx_word' id='word_1_284' title='bbox 376 2226 397 2254; x_wconf 88' lang='lat'><strong>6</strong></span> <span class='ocrx_word' id='word_1_285' title='bbox 422 2230 577 2254; x_wconf 86' lang='lat' dir='ltr'>senatum</span> <span class='ocrx_word' id='word_1_286' title='bbox 599 2250 605 2256; x_wconf 91' lang='lat'><em>.</em></span> <span class='ocrx_word' id='word_1_287' title='bbox 627 2250 632 2255; x_wconf 95' lang='lat'>.</span> <span class='ocrx_word' id='word_1_288' title='bbox 653 2250 658 2255; x_wconf 94' lang='lat'>.</span> <span class='ocrx_word' id='word_1_289' title='bbox 679 2226 826 2265; x_wconf 86' lang='lat' dir='ltr'>oportuit</span> <span class='ocrx_word' id='word_1_290' title='bbox 844 2225 958 2256; x_wconf 79' lang='lat' dir='ltr'>Madv.</span> <span class='ocrx_word' id='word_1_291' title='bbox 1033 2235 1072 2255; x_wconf 94' lang='lat'>10</span> <span class='ocrx_word' id='word_1_292' title='bbox 1097 2225 1207 2254; x_wconf 83' lang='lat' dir='ltr'>ulcere</span> <span class='ocrx_word' id='word_1_293' title='bbox 1220 2223 1307 2254; x_wconf 61' lang='lat' dir='ltr'>Hbs*</span> <span class='ocrx_word' id='word_1_294' title='bbox 1321 2222 1374 2253; x_wconf 80' lang='lat' dir='ltr'>all.</span> <span class='ocrx_word' id='word_1_295' title='bbox 1389 2234 1394 2252; x_wconf 78' lang='lat'>2</span> <span class='ocrx_word' id='word_1_296' title='bbox 1409 2223 1523 2252; x_wconf 87' lang='lat' dir='ltr'>vicere</span> <span class='ocrx_word' id='word_1_297' title='bbox 1535 2220 1576 2251; x_wconf 84' lang='lat' dir='ltr'>P¹</span> <span class='ocrx_word' id='word_1_298' title='bbox 1594 2233 1600 2251; x_wconf 74' lang='grc' dir='ltr'>ε</span> <span class='ocrx_word' id='word_1_299' title='bbox 1617 2222 1662 2251; x_wconf 92' lang='lat' dir='ltr'>vi-</span> 
     </span>
     <span class='ocr_line' id='line_1_35' title="bbox 334 2265 1667 2308; baseline -0.003 -10"><span class='ocrx_word' id='word_1_300' title='bbox 334 2278 429 2298; x_wconf 85' lang='lat' dir='ltr'>scere</span> <span class='ocrx_word' id='word_1_301' title='bbox 443 2266 537 2297; x_wconf 80' lang='lat' dir='ltr'><em>P2Bt</em></span> <span class='ocrx_word' id='word_1_302' title='bbox 634 2279 672 2298; x_wconf 87' lang='lat'>12</span> <span class='ocrx_word' id='word_1_303' title='bbox 691 2269 830 2299; x_wconf 86' lang='lat' dir='ltr'>inlatum</span> <span class='ocrx_word' id='word_1_304' title='bbox 847 2270 960 2308; x_wconf 74' lang='lat' dir='ltr'>scripsi</span> <span class='ocrx_word' id='word_1_305' title='bbox 976 2281 982 2299; x_wconf 91' lang='lat'><strong>:</strong></span> <span class='ocrx_word' id='word_1_306' title='bbox 1000 2268 1157 2298; x_wconf 90' lang='lat' dir='ltr'>delictum</span> <span class='ocrx_word' id='word_1_307' title='bbox 1171 2266 1258 2298; x_wconf 85' lang='lat' dir='ltr'>codd.</span> <span class='ocrx_word' id='word_1_308' title='bbox 1277 2279 1283 2297; x_wconf 79' lang='lat' dir='ltr'>z</span> <span class='ocrx_word' id='word_1_309' title='bbox 1301 2267 1446 2296; x_wconf 81' lang='lat' dir='ltr'>oblatum</span> <span class='ocrx_word' id='word_1_310' title='bbox 1459 2265 1513 2296; x_wconf 72' lang='grc' dir='ltr'>[ω.</span> <span class='ocrx_word' id='word_1_311' title='bbox 1531 2265 1667 2294; x_wconf 77' lang='lat' dir='ltr'>Mueller</span> 
     </span>
     <span class='ocr_line' id='line_1_36' title="bbox 336 2308 1663 2351; baseline -0.003 -11"><span class='ocrx_word' id='word_1_312' title='bbox 336 2312 368 2347; x_wconf 70' lang='grc' dir='ltr'>(ξ</span> <span class='ocrx_word' id='word_1_313' title='bbox 380 2313 441 2349; x_wconf 83' lang='lat'>62;</span> <span class='ocrx_word' id='word_1_314' title='bbox 460 2310 565 2342; x_wconf 75' lang='lat' dir='ltr'>Acad.</span> <span class='ocrx_word' id='word_1_315' title='bbox 584 2312 613 2345; x_wconf 71' lang='lat' dir='ltr'>ii„</span> <span class='ocrx_word' id='word_1_316' title='bbox 634 2315 648 2349; x_wconf 66' lang='grc' dir='ltr'>ξ</span> <span class='ocrx_word' id='word_1_317' title='bbox 663 2313 703 2350; x_wconf 85' lang='lat'>48</span> <span class='ocrx_word' id='word_1_318' title='bbox 721 2324 727 2342; x_wconf 80' lang='lat' dir='ltr'><strong><em>z</em></strong></span> <span class='ocrx_word' id='word_1_319' title='bbox 745 2313 780 2350; x_wconf 79' lang='lat' dir='ltr'>cf</span> <span class='ocrx_word' id='word_1_320' title='bbox 797 2312 946 2342; x_wconf 83' lang='lat' dir='ltr'>sublatos</span> <span class='ocrx_word' id='word_1_321' title='bbox 957 2318 1016 2351; x_wconf 72' lang='lat' dir='ltr'>pro</span> <span class='ocrx_word' id='word_1_322' title='bbox 1030 2312 1198 2341; x_wconf 86' lang='lat' dir='ltr'>subiectos</span> <span class='ocrx_word' id='word_1_323' title='bbox 1214 2313 1228 2346; x_wconf 67' lang='grc' dir='ltr'>ξ</span> <span class='ocrx_word' id='word_1_324' title='bbox 1246 2312 1319 2340; x_wconf 48' lang='grc'>1061</span> <span class='ocrx_word' id='word_1_325' title='bbox 1334 2320 1341 2340; x_wconf 90' lang='grc'>;</span> <span class='ocrx_word' id='word_1_326' title='bbox 1359 2320 1378 2339; x_wconf 84' lang='lat' dir='ltr'>a</span> <span class='ocrx_word' id='word_1_327' title='bbox 1391 2314 1425 2339; x_wconf 90' lang='lat' dir='ltr'>te</span> <span class='ocrx_word' id='word_1_328' title='bbox 1440 2309 1551 2338; x_wconf 88' lang='lat' dir='ltr'>fictum</span> <span class='ocrx_word' id='word_1_329' title='bbox 1562 2308 1640 2347; x_wconf 79' lang='lat' dir='ltr'>Jeep</span> <span class='ocrx_word' id='word_1_330' title='bbox 1658 2319 1663 2336; x_wconf 91' lang='lat'>:</span> 
     </span>
     <span class='ocr_line' id='line_1_37' title="bbox 337 2351 1661 2393; baseline -0.002 -10"><span class='ocrx_word' id='word_1_331' title='bbox 337 2354 513 2384; x_wconf 86' lang='lat' dir='ltr'>delicatum</span> <span class='ocrx_word' id='word_1_332' title='bbox 534 2355 644 2386; x_wconf 80' lang='lat' dir='ltr'>Koclz:</span> <span class='ocrx_word' id='word_1_333' title='bbox 679 2356 847 2385; x_wconf 85' lang='lat' dir='ltr'>adiectum</span> <span class='ocrx_word' id='word_1_334' title='bbox 868 2355 980 2386; x_wconf 78' lang='lat' dir='ltr'>Madv.</span> <span class='ocrx_word' id='word_1_335' title='bbox 1077 2364 1113 2392; x_wconf 86' lang='lat'>15</span> <span class='ocrx_word' id='word_1_336' title='bbox 1140 2354 1247 2393; x_wconf 87' lang='lat' dir='ltr'>plebei</span> <span class='ocrx_word' id='word_1_337' title='bbox 1274 2352 1431 2382; x_wconf 63' lang='lat' dir='ltr'>PBHbQ:</span> <span class='ocrx_word' id='word_1_338' title='bbox 1457 2352 1587 2391; x_wconf 85' lang='lat' dir='ltr'>plebem</span> <span class='ocrx_word' id='word_1_339' title='bbox 1615 2351 1661 2380; x_wconf 88' lang='lat' dir='ltr'>G:</span> 
     </span>
     <span class='ocr_line' id='line_1_38' title="bbox 338 2395 1661 2437; baseline -0.003 -10"><span class='ocrx_word' id='word_1_340' title='bbox 338 2398 470 2436; x_wconf 80' lang='lat' dir='ltr'>plebeio</span> <span class='ocrx_word' id='word_1_341' title='bbox 481 2398 544 2429; x_wconf 57' lang='lat' dir='ltr'>bfft</span> <span class='ocrx_word' id='word_1_342' title='bbox 580 2401 618 2428; x_wconf 83' lang='lat'>16</span> <span class='ocrx_word' id='word_1_343' title='bbox 637 2399 812 2429; x_wconf 82' lang='lat' dir='ltr'>facinerosi</span> <span class='ocrx_word' id='word_1_344' title='bbox 825 2398 872 2430; x_wconf 83' lang='lat' dir='ltr'>P:</span> <span class='ocrx_word' id='word_1_345' title='bbox 893 2400 995 2428; x_wconf 84' lang='lat' dir='ltr'>-orosi</span> <span class='ocrx_word' id='word_1_346' title='bbox 1011 2399 1042 2427; x_wconf 85' lang='grc' dir='ltr'><em>Β</em></span> <span class='ocrx_word' id='word_1_347' title='bbox 1055 2398 1118 2428; x_wconf 74' lang='lat' dir='ltr'>rell.</span> <span class='ocrx_word' id='word_1_348' title='bbox 1134 2398 1184 2437; x_wconf 78' lang='lat' dir='ltr'>(cs.</span> <span class='ocrx_word' id='word_1_349' title='bbox 1203 2399 1237 2433; x_wconf 57' lang='grc' dir='ltr'>ἐξ</span> <span class='ocrx_word' id='word_1_350' title='bbox 1252 2407 1304 2434; x_wconf 83' lang='lat'>25,</span> <span class='ocrx_word' id='word_1_351' title='bbox 1320 2397 1378 2435; x_wconf 80' lang='lat'>893</span> <span class='ocrx_word' id='word_1_352' title='bbox 1397 2396 1477 2426; x_wconf 75' lang='lat' dir='ltr'>sest.</span> <span class='ocrx_word' id='word_1_353' title='bbox 1494 2397 1529 2432; x_wconf 79' lang='lat'>§§</span> <span class='ocrx_word' id='word_1_354' title='bbox 1542 2395 1592 2432; x_wconf 84' lang='lat'>81,</span> <span class='ocrx_word' id='word_1_355' title='bbox 1605 2397 1661 2433; x_wconf 82' lang='lat'>95)</span> 
     </span>
    </p>
   </div>
  </div>
 </body>
</html>
