1774 2782
229 127 277 164 37

229 199 278 236 37

238 258 277 290 79

230 1726 280 1771 38

300 134 337 165 79
664 119 719 154 M.
752 118 920 154 TVLLI
952 116 1259 154 CICERONIS

352 225 473 276 Atqui
496 240 546 263 ne
573 238 620 263 ex
640 239 688 263 eo
712 225 875 274 quidem
901 232 1077 274 tempore
1106 224 1144 262 id
1173 223 1250 273 egit
1273 222 1420 261 Sestius
1443 229 1483 259 ut
1504 235 1526 259 a
1547 220 1625 258 suis

299 292 473 328 munitus
507 297 593 327 tuto
628 289 667 327 in
700 290 783 327 foro
815 289 1083 339 magistratum
1116 296 1275 338 gereret,
1311 301 1391 325 rem
1426 286 1625 336 publicam

296 354 595 392 administraret.
657 355 797 403 Itaque
827 354 945 391 fretus
975 353 1181 390 sanctitate
1211 352 1443 397 tribunatus,
1465 364 1554 387 cum
1586 363 1626 386 se

297 433 377 456 non
414 420 535 456 modo
566 426 702 456 contra
733 418 811 455 vim
844 426 882 456 et
914 419 1056 455 ferrum
1092 418 1162 455 sed
1194 416 1311 455 etiam
1344 424 1480 454 contra
1509 415 1627 452 verba

298 492 416 533 atque
444 483 734 521 interfationem
762 483 914 533 legibus
942 482 1100 520 sacratis
1128 496 1213 520 esse
1237 490 1431 519 armatum
1461 488 1624 530 putaret,

298 549 403 587 venit
425 550 464 586 in
485 551 676 599 templum
700 550 883 596 Castoris,
908 547 1157 586 obnuntiavit
1178 547 1354 585 consuli:
1386 560 1475 584 cum
1498 545 1628 583 subito

300 628 438 652 manus
470 614 535 652 illa
570 614 776 661 Clodiana,
810 614 848 651 in
885 615 1007 652 caede
1042 612 1186 650 civium
1219 626 1335 662 saepe
1371 612 1447 649 iam
1479 611 1625 656 victriX,

299 682 501 726 exclamat,
543 679 736 726 incitatur,
779 679 957 726 invadit3
1005 678 1195 717 inermem
1235 686 1354 727 atque
1394 676 1627 727 imparatum

299 745 498 782 tribunum
527 745 591 782 alii
620 745 758 795 gladiis
788 744 1029 791 adoriuntur,
1059 743 1123 781 alii
1151 742 1376 793 fragmentis
1404 749 1628 792 saeptorum

299 819 335 848 et
372 811 566 858 fustibus3
609 825 631 848 a
666 810 808 860 quibus
844 810 907 848 bic
943 809 1074 847 multis
1109 809 1335 847 vulneribus
1374 807 1545 858 acceptis
1583 820 1629 844 ac

300 875 505 913 debilitato
540 889 703 926 corpore
737 883 775 914 et
809 874 1082 913 contrucidato
1118 888 1158 912 se
1192 873 1337 912 abiecit
1371 872 1626 919 exanimatus,

301 954 429 990 neque
450 942 529 978 ulla
544 941 619 979 alia
639 954 678 979 re
699 941 749 979 ab
770 954 811 978 se
827 947 994 978 mortem
1013 939 1086 977 nisi
1103 938 1291 988 opinione
1313 939 1447 975 mortis
1469 936 1629 986 depulit.

301 1008 432 1055 Quem
447 1019 537 1043 cum
552 1006 745 1044 iacentem
760 1013 797 1044 et
811 1004 1014 1043 concisum
1029 1003 1205 1055 plurimis
1215 1003 1441 1041 vulneribus
1455 1010 1630 1040 extremo

300 1071 436 1120 spiritu
453 1084 689 1120 exsanguem
707 1079 744 1109 et
761 1071 986 1108 confectum
1005 1069 1192 1116 viderent,
1211 1067 1491 1117 defetigatione
1508 1066 1629 1115 magis

301 1145 338 1174 ct
373 1149 500 1174 errore
535 1150 653 1186 quam
689 1134 955 1174 misericordia
989 1142 1027 1173 et
1062 1135 1184 1172 modo
1215 1133 1432 1183 aliquando
1466 1133 1629 1170 caedere

241 1207 256 1235 C
301 1201 546 1239 destiterunt.
609 1203 659 1239 Et
690 1214 849 1239 causam
884 1200 979 1239 dicit
1015 1199 1163 1238 Sestius
1198 1200 1249 1237 de
1283 1198 1350 1237 vi?
1407 1198 1515 1246 Quid
1550 1197 1631 1235 ita?

301 1268 393 1317 quia
421 1266 524 1304 vivit.
584 1269 636 1304 At
669 1266 707 1304 id
738 1279 818 1303 non
849 1279 919 1303 sua
948 1267 1085 1314 culpa:
1120 1266 1232 1314 plaga
1258 1277 1338 1301 una
1367 1263 1432 1301 illa
1461 1271 1631 1301 extrema

302 1331 436 1377 defuit,
471 1344 572 1381 quae
608 1331 638 1369 si
673 1330 901 1369 accessisset
936 1330 1130 1379 reliquum
1164 1329 1342 1378 spiritum
1378 1327 1629 1366 exhausisset.

303 1399 457 1433 Accusa
483 1396 737 1443 Lentidium;
771 1409 851 1433 non
879 1394 1069 1444 percussit
1099 1396 1257 1440 locum3
1288 1395 1391 1430 male
1417 1392 1481 1430 dic
1510 1392 1627 1438 Titio,

302 1460 450 1498 Sabino
471 1460 621 1497 bomini
645 1459 826 1507 Reatino,
847 1473 914 1497 cur
934 1467 1014 1497 tam
1036 1467 1182 1496 temere
1202 1456 1426 1496 exclamarit
1442 1456 1628 1494 occisum.

304 1528 439 1575 Ipsum
464 1539 555 1563 vero
585 1525 681 1574 quid
710 1526 901 1562 accusas?
959 1525 1066 1561 Num
1097 1523 1221 1561 defuit
1250 1523 1418 1573 gladiis?
1453 1536 1547 1559 num
1578 1535 1631 1558 re-

302 1590 517 1640 pugnavit?
547 1603 653 1635 num,
678 1598 718 1628 ut
743 1589 1025 1639 gladiatoribus
1047 1587 1227 1638 imperari
1253 1588 1362 1633 solet,
1387 1588 1528 1625 ferrum
1551 1599 1630 1623 non

303 1656 477 1706 recepit?

357 1724 419 1759 An
455 1723 553 1759 baec
585 1721 668 1771 ipsa
699 1721 756 1759 vis
788 1729 855 1767 est,
889 1734 969 1758 non
1001 1733 1117 1770 posse
1149 1718 1302 1756 emori?
1335 1731 1385 1755 an
1416 1717 1490 1764 illa,
1523 1717 1632 1766 quod

303 1786 482 1824 tribunus
515 1786 641 1835 plebis
674 1787 865 1836 templum
898 1784 1145 1823 cruentavit?
1175 1796 1225 1821 an
1255 1784 1375 1832 quod,
1408 1796 1498 1819 cum
1529 1790 1631 1819 esset
1655 1798 1667 1817 2

302 1852 456 1889 ablatus
486 1851 736 1900 primumque
772 1849 979 1900 resipisset‚
1012 1863 1093 1887 non
1125 1862 1166 1886 se
1195 1847 1325 1886 referri
1358 1846 1497 1885 iussit?
1553 1845 1631 1884 Vbi

304 1924 361 1954 est
391 1918 569 1953 crimen?
604 1915 700 1965 quid
730 1914 1044 1965 reprehenditis?
1102 1913 1183 1950 Hic
1207 1925 1365 1962 quaero,
1393 1911 1566 1949 iudices:
1601 1910 1631 1948 si

304 1982 370 2019 illo
402 1981 466 2019 die
500 1994 594 2030 gens
628 1980 701 2018 ista
735 1979 877 2019 Clodia
912 1979 1020 2028 quod
1052 1979 1178 2015 facere
1209 1977 1332 2015 voluit
1364 1976 1565 2022 effecisset,
1600 1975 1631 2013 si

304 2050 345 2085 P.
365 2047 522 2093 Sestius,
546 2045 613 2095 qui
635 2059 705 2095 pro
726 2045 858 2083 occiso
878 2044 1035 2082 relictus
1057 2051 1125 2089 est,
1145 2042 1298 2080 occisus
1319 2050 1430 2087 esset,
1455 2041 1632 2079 fuistisne

347 2162 365 2181 2
399 2156 469 2181 tuto
497 2150 528 2180 in
550 2150 623 2180 soro
648 2154 704 2179 tuo
728 2149 760 2178 P
780 2149 845 2180 rell.
869 2152 1000 2188 praeter
1022 2147 1060 2177 les
1085 2147 1162 2186 (om.
1190 2145 1283 2176 tuol:
1309 2150 1379 2175 tuto
1400 2145 1433 2174 in
1462 2144 1534 2174 soro
1553 2145 1628 2174 dum

305 2195 494 2234 Naugerius
512 2194 576 2234 (25,
597 2192 711 2223 Madv.
730 2201 818 2233 tcum
833 2191 964 2230 Garat.)
1058 2194 1193 2230 gereret
1205 2194 1239 2219 et
1256 2187 1428 2219 Fberlzara'
1536 2197 1555 2226 5
1579 2198 1630 2217 sa-

303 2239 404 2268 cratis
423 2238 506 2268 satis
521 2237 683 2277 Pluygers
810 2246 848 2266 10
872 2247 911 2266 ac
928 2235 986 2266 del.
1007 2233 1119 2265 Garat.
1139 2233 1195 2264 all.
1328 2242 1365 2270 14
1390 2231 1490 2263 defet.
1508 2230 1630 2260 PBH:

305 2283 405 2312 desat.
423 2282 474 2312 kw
580 2291 619 2321 19
644 2280 766 2320 locum]
784 2284 890 2310 totum
908 2277 1080 2309 Eberhard
1186 2276 1273 2306 male
1290 2275 1419 2306 dictitio
1443 2275 1495 2305 P:
1530 2274 1628 2303 male-

304 2326 406 2355 dicito
419 2323 539 2355 BEHk
554 2336 561 2355 :
586 2324 694 2355 male*
712 2323 815 2354 dictio
842 2322 871 2353 G
973 2322 1069 2361 Titio,
1090 2321 1217 2352 Sabino
1233 2320 1279 2349 sic
1293 2320 1422 2358 interpr.
1445 2318 1605 2348 Momms,
1623 2328 1629 2346 :

304 2370 373 2398 sint?
392 2373 553 2398 commate
569 2369 656 2408 vulg.
903 2376 944 2395 22
977 2371 1034 2396 ut.
1062 2391 1068 2396 .
1092 2390 1098 2396 .
1125 2364 1212 2394 Solet
1237 2363 1304 2393 secl.
1332 2363 1371 2392 E.
1398 2362 1433 2392 F.
1463 2360 1632 2390 Eberhard

306 2423 343 2451 27
378 2414 525 2443 crimen?
556 2413 635 2451 quid
654 2412 766 2442 Bake:
795 2411 919 2441 crimen
937 2409 1026 2448 quod
1045 2409 1132 2438 codd.
1226 2408 1266 2437 23
1291 2406 1450 2436 Clodiana
1468 2405 1543 2434 Hks

1649 495 1665 526 5

1653 818 1689 839 10

1652 1473 1692 1494 20
