1774 2782
238 128 373 176 63131
678 130 734 167 M.
766 130 934 166 TVLLI
967 129 1272 168 CICERONIS

311 239 622 278 multitudineet
646 239 905 289 gratulatione
936 239 1109 287 florebat,
1135 239 1205 278 iter
1229 253 1251 277 a
1276 248 1399 289 porta,
1421 240 1458 277 in
1481 240 1637 290 Capito-

310 305 405 342 lium
426 305 652 352 adscensus,
668 306 832 343 domum
855 304 1001 343 reditus
1023 313 1103 343 erat
1125 305 1207 343 eius
1230 305 1337 343 modi
1360 312 1401 343 ut
1423 319 1576 343 summa
1597 305 1635 342 in

310 370 456 408 laetitia
485 370 581 408 illud
611 371 798 417 dolerem,
830 370 1028 409 civitatem
1057 378 1135 409 tam
1164 378 1313 420 gratam
1345 378 1423 408 tarn
1455 372 1635 409 miseram

308 442 427 484 atque
448 447 675 485 oppressam
698 434 826 474 fuisse.

363 499 502 538 Habes
524 499 638 550 igitur
659 501 767 550 quod
789 515 834 538 ex
856 514 918 539 me
944 500 1140 551 quaesisti,
1165 501 1231 550 qui
1259 508 1389 539 essent
1411 500 1632 550 optimates,

310 566 403 602 Non
432 573 489 603 est
521 565 676 611 ‘natio‚'
702 573 743 603 ut
769 564 927 613 dixisti3
956 567 1065 616 quod
1091 579 1164 615 ego
1192 566 1355 604 verbum
1382 565 1548 616 agnovi3
1577 574 1635 605 est

306 630 411 668 enim
434 630 534 668 illius
555 644 577 668 a
598 643 677 679 quo
698 644 778 669 uno
800 630 968 670 maxime
985 633 1026 670 P.
1045 631 1192 670 Sestius
1213 645 1254 669 se
1274 632 1491 681 oppugnari
1511 633 1631 680 videt,

307 696 478 734 hominis
499 696 582 734 eius
607 696 674 746 qui
702 698 803 734 hanc
828 700 836 716 ‘
853 696 1075 734 nationem'
1097 698 1216 735 deleri
1237 705 1275 735 et
1296 696 1451 735 concidi
1473 697 1631 747 cupivit,

305 761 372 811 qui
395 763 438 801 C.
463 763 683 810 Caesarem,
704 763 838 801 mitem
861 762 1063 801 hominem
1085 771 1123 802 et
1147 777 1170 802 a
1197 764 1319 802 caede
1341 763 1630 810 abhorrentem,

304 840 421 877 saepe
442 827 645 877 increpuit,
665 841 782 877 saepe
807 829 1020 875 accusavit,
1035 841 1125 866 cum
1147 829 1370 866 adfirmaret
1391 827 1502 867 illurn
1520 840 1632 867 num-

304 904 434 940 quam,
468 893 562 930 dum
594 893 691 930 haec
722 891 830 930 natio
859 891 1013 939 viveret,
1045 892 1128 930 sine
1158 905 1250 930 cura
1279 893 1463 931 futurum.
1523 892 1632 931 Nihil

303 956 467 1004 profecit
494 957 543 995 de
569 956 780 995 universis:
812 957 862 995 de
892 970 955 994 me
979 970 1092 1006 agere
1113 970 1193 996 non
1215 957 1390 1005 destitit3
1420 970 1483 996 me
1510 970 1632 1008 oppu-

302 1022 444 1070 gnavit,
476 1022 644 1071 primum
667 1035 735 1071 per
756 1021 928 1060 indicem
950 1021 1138 1069 Vettium,
1162 1035 1281 1072 quem
1308 1021 1346 1060 in
1368 1023 1554 1061 contione
1581 1024 1631 1061 de

303 1099 365 1125 me
382 1094 419 1124 et
433 1088 483 1125 de
497 1086 718 1125 clarissimis
735 1086 824 1125 viris
838 1086 1198 1137 interrogavit,—-in
1213 1100 1294 1137 quo
1308 1095 1438 1126 tamen
1453 1101 1520 1126 eos
1535 1087 1629 1125 civis

302 1151 504 1190 coniunxit
525 1153 665 1190 eodem
688 1152 862 1201 periculo
883 1160 921 1190 et
941 1152 1114 1199 crimine,
1133 1160 1174 1190 ut
1194 1166 1217 1190 a
1238 1166 1300 1190 me
1321 1152 1447 1191 inierit
1465 1152 1627 1203 gratiam

301 1218 410 1266 quod
441 1230 503 1256 me
533 1231 622 1255 cum
653 1217 903 1266 amplissimis
934 1226 971 1256 et
1002 1217 1219 1255 fortissimis
1249 1217 1337 1255 viris
1367 1217 1626 1268 congregavit.

226 1259 281 1306 64
302 1284 379 1321 Sed
402 1291 537 1333 postea
560 1283 652 1320 mihi
683 1285 793 1322 nullo
818 1297 907 1322 meo
932 1283 1081 1330 merito,
1105 1283 1176 1321 nisi
1204 1284 1312 1333 quod
1340 1283 1451 1322 bonis
1476 1285 1629 1333 placere

223 1329 280 1359 ¹33

300 1348 519 1397 cupiebam,
561 1348 689 1387 omnis
730 1356 787 1386 est
827 1348 986 1387 insidias
1034 1348 1329 1387 sceleratissime
1369 1348 1625 1386 machinatus.

302 1414 373 1451 Ille
393 1415 444 1451 ad
474 1426 541 1452 eos
561 1427 583 1451 a
611 1413 754 1463 quibus
779 1413 1012 1451 audiebatur
1039 1413 1184 1451 cotidie
1211 1413 1360 1462 aliquid
1390 1414 1440 1451 de
1466 1427 1522 1450 me
1547 1412 1627 1450 ficti

298 1478 498 1516 adferebat
518 1493 527 1525 3
557 1478 620 1516 ille
641 1478 843 1516 hominem
861 1477 957 1515 mihi
973 1477 1267 1525 amicissimum,
1286 1479 1359 1517 Cn.
1379 1477 1623 1528 Pompeium,

300 1543 486 1582 monebat
507 1551 548 1581 ut
570 1557 698 1581 meam
720 1545 883 1582 domum
903 1551 1092 1582 metueret
1109 1551 1227 1593 atque
1243 1556 1264 1581 a
1282 1556 1344 1582 me
1360 1543 1445 1593 ipso
1461 1551 1628 1590 caveret;

298 1608 362 1646 ille
382 1622 423 1647 se
444 1608 498 1646 sic
519 1622 609 1646 cum
631 1608 791 1647 inimico
813 1621 902 1646 meo
923 1610 1124 1658 copularat
1145 1616 1186 1646 ut
1208 1608 1315 1646 illum
1338 1622 1448 1647 meae
1468 1608 1628 1658 proscri-

297 1673 452 1723 ptionis,
476 1688 593 1723 quam
615 1673 837 1721 adiuvabat,
859 1675 944 1712 Sex.
970 1674 1146 1721 Clodius,
1167 1675 1287 1712 homo
1309 1673 1353 1711 iis
1374 1673 1625 1724 dignissimus

296 1739 532 1789 quibuscum
558 1739 660 1785 vivit,
688 1738 861 1777 tabulam
892 1753 987 1787 esse,
1019 1752 1059 1778 se
1085 1739 1311 1790 scriptorem
1339 1752 1424 1777 esse
1455 1738 1600 1778 diceret
1616 1753 1626 1786 3

295 1804 359 1842 ille
388 1818 488 1842 unus
518 1803 665 1842 ordinis
698 1804 818 1842 nostri
850 1804 1024 1843 discessu
1061 1818 1160 1851 meo,
1193 1806 1299 1842 luctu
1332 1811 1459 1842 vestro
1493 1806 1621 1854 palam

294 1868 507 1907 exsultavit.
570 1870 632 1907 De
660 1882 739 1918 quo
767 1882 849 1918 ego,
880 1883 970 1907 cum
997 1869 1141 1908 cotidie
1171 1877 1308 1916 rueret,
1341 1869 1503 1907 verbum
1534 1869 1618 1917 feci,

338 1982 358 2010 9
382 1972 551 2002 hominem
571 1978 603 2002 et
622 1983 639 2002 a
657 1973 761 2003 caede
778 1974 830 2004 ab.
845 1984 869 2004 s.
886 1973 904 2003 l.
922 1973 965 2002 [³²
982 1973 1036 2012 (ab
1054 1974 1143 2004 omni
1156 1974 1186 2003 vi
1203 1973 1323 2003 Halm*
1419 1984 1456 2003 12
1480 1973 1521 2003 de
1535 1973 1623 2012 (ante

296 2020 362 2049 me)
390 2026 455 2046 om.
486 2015 519 2044 P
540 2020 569 2045 ct
593 2016 680 2046 codd.
705 2016 783 2056 pler.
944 2027 978 2055 17
1007 2017 1086 2047 mihi
1114 2017 1170 2046 uni
1200 2016 1374 2046 Lehmann
1397 2017 1491 2055 (mihi
1509 2016 1622 2046 anullo

297 2058 338 2095 G)
494 2068 532 2097 19
558 2059 599 2090 de
618 2070 669 2090 me
689 2060 755 2090 ficti
775 2059 927 2091 Mamm:
955 2060 1077 2090 desecti
1096 2059 1182 2090 codd.
1200 2071 1206 2089 :
1231 2060 1309 2098 ficti,
1325 2060 1525 2099 quodetiam
1543 2061 1622 2092 coni.

294 2101 441 2139 Alanul„
459 2102 554 2132 malit
572 2103 684 2134 Madv.
790 2114 830 2134 22
849 2104 938 2134 illum
957 2114 1050 2134 meae
1068 2103 1172 2134 Sclwl.
1194 2107 1221 2133 et
1236 2103 1425 2142 Naugerius
1442 2103 1492 2143 (2)
1510 2114 1516 2133 :
1534 2104 1623 2134 illius

293 2155 387 2175 meae
404 2145 437 2174 P
450 2145 515 2177 rell.
535 2146 638 2186 (illius
655 2157 707 2176 me
728 2147 769 2177 G‘»
916 2158 956 2185 23
981 2157 1079 2186 quam
1097 2147 1206 2178 adiuv.
1224 2147 1289 2177 secl.
1311 2146 1499 2177 Eberhard:
1523 2157 1621 2186 quarn

293 2188 401 2220 adiuv.
424 2188 503 2220 Sex.
528 2190 666 2220 Clodius
691 2191 781 2220 Bake
871 2191 1026 2231 Clodius]
1048 2190 1210 2220 Cohelius
1230 2189 1280 2220 P:
1306 2190 1478 2220 Clohelius
1494 2189 1539 2219 P²
1555 2190 1619 2221 rell.

292 2242 334 2270 24
359 2232 505 2263 tabulam
523 2244 599 2263 esse
621 2244 658 2264 se
683 2234 883 2273 scriptorem
901 2234 1029 2264 diceret
1049 2234 1095 2264 G:
1124 2233 1313 2264 toambuam
1338 2234 1437 2273 (num
1460 2233 1570 2264 tubam
1588 2239 1621 2264 et

292 2275 484 2315 bucinami)
513 2287 629 2307 essese
657 2277 770 2316 script.
802 2288 877 2307 esse
910 2277 971 2309 dic.
1002 2277 1035 2306 P
1061 2277 1150 2308 rell.:
1181 2276 1337 2316 tabulam,
1365 2288 1442 2307 sese
1467 2287 1527 2308 scr.
1555 2276 1618 2308 dic.

292 2317 419 2349 Halm:
445 2320 590 2350 baiulum
614 2330 689 2351 esse
707 2330 744 2350 se
761 2330 823 2351 scr.
844 2321 952 2362 [esse]
974 2321 1036 2352 dic.
1055 2320 1175 2351 Klotz:
1198 2325 1235 2351 ut
1252 2320 1340 2351 illius
1357 2320 1535 2360 proscript.
1555 2343 1563 2351 .
1580 2344 1587 2352 .
1610 2344 1616 2351 .

293 2362 388 2393 ambo
421 2374 486 2394 una
520 2374 594 2394 sese
619 2364 803 2403 scriptores
827 2374 904 2394 esse
930 2364 991 2395 dic.
1020 2363 1155 2394 Mada:
1184 2369 1217 2394 ut
1244 2363 1333 2394 illius
1357 2364 1533 2403 proscript.
1554 2389 1561 2395 .
1581 2388 1586 2394 .
1608 2387 1615 2394 .

292 2407 403 2436 tubam
422 2407 592 2437 Vatinium
611 2407 688 2447 (aut
704 2407 820 2449 illum),
841 2417 917 2438 sese
934 2408 1139 2447 scriptorem
1158 2417 1233 2438 esse
1252 2407 1380 2438 diceret
1399 2406 1533 2437 Mueller

1658 516 1673 547 5

1655 839 1694 861 10

1651 1167 1688 1197 15

1649 1490 1689 1511 20
