1774 2782
81 858 118 879 10

78 1186 113 1216 ¹5

77 1511 116 1532 20

231 149 305 185 DF,
338 148 502 187 DOMO
535 148 636 184 SVA
669 148 744 183 Ali)
777 147 1110 185 PONTIFICES
1143 147 1358 185 ORATIO
1416 156 1464 193 37
1491 162 1548 183 100

138 256 203 293 bet
234 255 394 293 inimico
425 255 570 293 doloris
602 255 689 301 mci,
722 256 876 293 sceleris
907 256 976 301 sui,
1009 254 1189 303 publicae
1220 254 1463 301 calamitatis,

137 320 224 370 quis
238 320 308 358 erit
323 320 388 369 qui
407 321 513 358 hunc
527 319 694 358 reditum
713 319 842 369 potius
859 333 976 369 quam
999 333 1168 368 poenam
1187 319 1463 369 sempiternam

137 387 275 434 putet?
334 387 381 423 In
411 393 626 435 conspectu
657 398 779 434 prope
813 386 932 423 totius
963 384 1068 423 urbis
1099 386 1241 423 domus
1275 393 1331 422 est
1366 399 1462 432 mea,

135 450 368 500 pontifice83
395 452 434 488 in
456 464 532 500 qua
553 450 581 488 si
605 458 738 488 manet
758 450 853 488 illud
871 463 951 488 non
974 458 1276 488 monumentum
1302 451 1461 497 virtutis,

136 518 204 554 sed
240 517 461 565 sepulcrum
497 516 658 553 inimico
693 515 853 553 nomine
888 514 1130 564 inscriptum,
1163 514 1462 564 demigrandum

136 581 263 630 potius
285 581 418 630 aliquo
432 589 489 619 est
510 594 629 630 quam
646 580 905 619 habitandum
923 579 961 617 in
983 593 1028 618 ea
1045 579 1140 618 urbe
1157 579 1194 617 in
1213 593 1290 629 qua
1307 588 1464 629 tropaea

135 648 184 684 de
206 659 268 684 me
289 654 326 684 et
347 647 397 684 de
418 659 458 684 re
479 645 637 695 publica
664 645 818 684 videam
847 645 1070 684 constituta.
1130 647 1192 683 An
1221 658 1293 694 ego
1315 653 1460 683 tantam

135 720 200 749 aut
221 711 340 749 animi
363 710 546 749 duritiam
572 711 716 750 habere
740 719 807 749 aut
831 711 1033 749 oculorum
1063 709 1349 759 impudentiam
1379 723 1463 759 pos-

136 778 208 814 sim
241 785 293 824 ut,
330 777 441 815 cuius
470 777 577 815 urbis
609 785 845 815 servatorem
876 790 939 814 me
978 789 1062 814 esse
1094 784 1252 813 senatus
1287 775 1464 812 omnium

136 843 305 880 adsensu
327 842 471 880 totiens
491 841 682 887 iudicarit,
706 841 744 879 in
762 855 808 880 ea
827 842 973 891 possim
996 840 1136 878 intueri
1154 841 1316 878 domum
1336 853 1464 877 meam

137 921 321 954 eversam,
345 921 426 945 non
446 907 497 945 ab
518 906 679 944 inimico
700 920 790 945 meo
817 907 887 944 sed
908 907 958 944 ab
986 907 1099 943 hoste
1119 905 1332 952 communi,
1357 913 1394 943 et
1414 905 1465 942 ab

136 974 277 1010 eodem
306 974 431 1010 aedem
460 980 695 1010 exstructam
721 980 759 1010 et
789 971 956 1021 positam
988 971 1026 1008 in
1057 971 1181 1008 oculis
1212 972 1388 1017 civitatis,
1416 984 1465 1008 ne

135 1050 323 1086 umquam
354 1038 634 1086 conquiescere
664 1038 786 1086 possit
818 1037 930 1074 fletus
962 1036 1189 1073 bonorum?
1246 1037 1309 1085 Sp.
1344 1035 1464 1073 Maeli

135 1116 296 1151 regnum
329 1102 550 1151 adpetentis
585 1103 728 1140 domus
763 1109 820 1139 est
859 1102 1122 1149 complanata,
1161 1109 1208 1146 et,
1247 1100 1338 1150 quia
1370 1100 1465 1137 illud

138 1168 352 1216 ‘aequum'
379 1167 569 1204 accidisse
600 1167 768 1216 populus
800 1167 1006 1203 Romanus
1040 1167 1236 1203 ‘Maelio'
1268 1165 1461 1210 iudicavit,

136 1231 295 1269 nomine
317 1231 402 1281 ipso
433 1230 729 1280 ‘Aequimaeli'
760 1230 905 1268 iustitia
932 1243 1085 1280 poenae
1113 1231 1370 1281 comprobata
1395 1239 1462 1268 est.

135 1298 198 1346 Sp.
223 1296 334 1335 Cassi
355 1298 498 1335 domus
520 1296 573 1334 ob
601 1297 768 1334 eandem
796 1309 954 1333 causam
975 1302 1030 1333 est
1048 1309 1181 1334 eversa
1207 1304 1326 1346 atque
1351 1296 1389 1334 in
1418 1309 1465 1334 eo

135 1363 222 1398 loco
249 1361 357 1399 aedis
388 1362 516 1411 posita
540 1360 720 1399 Telluris.
782 1362 829 1398 In
858 1362 978 1398 Vacci
1002 1361 1121 1410 pratis
1148 1362 1291 1399 domus
1313 1361 1382 1399 fuit
1406 1363 1462 1399 M.

136 1427 267 1472 Vacci,
291 1439 391 1475 quae
413 1426 611 1475 publicata
632 1434 689 1463 est
710 1434 747 1463 et
768 1439 902 1464 eversa
922 1434 964 1464 ut
984 1426 1085 1463 illius
1108 1426 1256 1464 facinus
1279 1427 1464 1465 memoria

136 1498 172 1527 et
208 1492 368 1528 nomine
403 1490 477 1528 loci
512 1498 723 1528 notaretur.
784 1492 841 1528 M.
875 1491 1050 1528 Manlius
1086 1505 1175 1528 cum
1211 1492 1262 1529 ab
1300 1505 1463 1529 ascensu

136 1555 305 1604 Capitoli
328 1557 531 1594 Gallorum
553 1556 744 1606 impetum
775 1557 1018 1605 reppulisset,
1051 1570 1130 1594 non
1160 1558 1229 1594 fuit
1255 1565 1464 1595 contentus

135 1620 300 1658 benefici
324 1622 381 1658 sui
403 1621 548 1671 gloria;
570 1635 731 1671 regnum
749 1622 947 1670 adpetisse
964 1629 1021 1659 est
1036 1621 1229 1659 iudicatus
1246 1637 1254 1668 3
1275 1636 1366 1672 ergo
1382 1623 1464 1660 eius

135 1687 297 1724 domum
325 1699 498 1724 eversam
526 1686 683 1725 duobus
711 1687 808 1724 lucis
835 1686 1093 1724 convestitam
1122 1686 1272 1725 videtis.
1333 1688 1462 1735 Quam

136 1750 249 1800 igitur
271 1750 434 1789 maiores
458 1753 577 1789 nostri
600 1752 796 1789 sceleratis
823 1764 868 1789 ac
893 1751 1048 1789 nefariis
1075 1751 1226 1789 civibus
1254 1753 1462 1789 maximam

137 1829 305 1866 poenam
325 1816 509 1854 constitui
527 1830 642 1866 posse
662 1816 834 1854 arbitrati
856 1825 958 1863 sunt,
977 1818 1143 1854 eandem
1166 1829 1238 1866 ego
1256 1817 1398 1855 subibo
1419 1830 1463 1855 ac

137 1881 350 1929 sustinebo,
375 1890 416 1920 ut
437 1883 542 1932 apud
564 1889 741 1932 posteros
763 1889 917 1919 nostros
944 1895 1023 1919 non
1052 1882 1263 1919 exstinctor
1289 1882 1463 1919 coniura-

134 1946 250 1984 tionis
280 1956 317 1984 et
348 1947 503 1985 sceleris
533 1948 603 1984 sed
632 1954 768 1984 auctor
798 1954 835 1984 et
865 1947 945 1984 dux
975 1946 1092 1984 fuisse
1123 1947 1286 1984 videar?
1344 1949 1462 1984 Hanc
1487 1966 1543 1986 102

135 2024 236 2057 vero,
267 2013 483 2060 pontifices,
508 2011 637 2049 labem
664 2011 916 2060 turpitudinis
944 2019 981 2049 et
1011 2010 1298 2049 inconstantiae
1322 2012 1462 2061 poterit

1485 625 1534 669 38

1490 695 1542 715 101

179 2125 198 2153 3
223 2125 327 2154 prope
348 2114 438 2145 GM:
463 2120 604 2153 propter
620 2114 731 2144 PBle:
758 2120 934 2153 praeterea
952 2113 1039 2145 Hb?
1133 2126 1148 2153 4
1179 2115 1308 2145 virtutis
1326 2115 1435 2146 Murl).
1455 2128 1461 2146 ς

136 2159 226 2188 urbis
243 2158 354 2188 codd:
379 2158 542 2188 libertatis
567 2158 732 2198 Naegelsb.
876 2168 894 2195 5
915 2163 976 2197 pos
1006 2158 1263 2196 demigrandum
1282 2158 1356 2189 add.
1381 2160 1459 2189 mihi

135 2202 261 2232 Halm:
296 2202 303 2231 i
322 2201 363 2231 Ρ1
385 2201 456 2232 idel.
475 2201 584 2231 eadem
606 2202 768 2241 171anus):
800 2212 865 2231 om.
885 2201 949 2231 rell.
1121 2212 1137 2240 7
1162 2207 1195 2231 et
1213 2203 1254 2232 de
1277 2213 1329 2232 me
1351 2203 1399 2233 ed.
1416 2202 1459 2234 R,

140 2255 176 2274 12
195 2246 310 2275 aedem
325 2244 399 2276 add.
417 2245 535 2276 Lamb.
632 2255 669 2283 14
692 2250 724 2274 ct
738 2245 813 2282 quia
828 2244 907 2275 illud
924 2245 961 2275 L.
980 2244 1139 2285 Spengel:
1165 2246 1265 2284 etqui
1283 2246 1323 2286 (si
1337 2245 1412 2283 quid
1426 2246 1459 2285 k)

135 2289 222 2318 aliud
237 2288 324 2319 codd.
422 2290 460 2318 16
475 2289 600 2318 iustitia
613 2298 745 2327 poenae
758 2287 885 2318 Ilalm:
912 2288 1052 2318 stultitia
1067 2299 1177 2327 poena
1191 2289 1278 2319 codd.
1357 2299 1389 2326 17
1409 2295 1459 2318 θεῖ

133 2331 208 2362 add.
230 2331 334 2370 Bait„
346 2335 420 2371 post
435 2342 475 2361 eo
494 2333 626 2369 (eodem
642 2330 749 2369 Mbke)
769 2331 870 2361 Klotz
970 2343 1006 2370 19
1031 2338 1083 2362 est
1100 2337 1133 2361 et
1153 2336 1188 2361 ul
1207 2338 1213 2348 ⁵
1225 2332 1289 2362 cod.
1307 2343 1334 2360 rt·
1351 2332 1440 2361 solu>-
1453 2332 1459 2343 ³

135 2375 180 2404 ita
211 2374 365 2404 PBHkbt
474 2375 632 2404 memoria
657 2381 689 2405 et
714 2374 802 2405 codd.
827 2378 954 2414 praeter
972 2374 1014 2404 P¹
1038 2377 1273 2406 *memoriae—i:
1304 2375 1459 2405 facinoris

136 2419 291 2447 memoria
309 2419 441 2448 nomint.¹
462 2418 549 2449 Bait.
640 2428 678 2456 27
705 2424 858 2448 auctores
877 2424 909 2447 ct
927 2419 1029 2449 duces
1043 2418 1119 2448 P¹G
1208 2419 1383 2449 videantur
1397 2418 1458 2448 P1:

135 2463 307 2492 videamur
327 2462 354 2491 G
