1774 2782
236 131 318 168 717
646 120 700 156 M.
733 119 901 156 TVLLI
934 118 1241 157 CICERONIS

221 433 255 460 ιδ

222 1419 257 1449 19

239 1927 262 1964 8

277 235 387 266 sante
407 226 552 277 placuit
568 227 764 265 ambobus
785 227 963 266 adhiberi
985 229 1091 266 hunc
1106 242 1129 267 a
1145 242 1209 266 me
1226 227 1335 277 quasi
1357 227 1604 277 perpoliendi

278 294 477 342 quendam
510 291 637 342 operis
670 300 886 330 extremum
922 294 1108 340 laborem,
1145 301 1238 343 peto
1269 307 1291 331 a
1324 293 1435 331 vobis
1466 301 1509 332 ut
1542 306 1605 332 me

278 359 379 395 offici
410 357 540 407 potius
570 371 689 407 quam
719 357 878 396 dicendi
909 359 1040 396 studio
1071 360 1173 396 hanc
1200 357 1419 408 suscepisse
1446 371 1603 407 operam

277 437 321 461 ac
344 436 487 461 munus
509 425 663 472 putetis.
708 426 767 461 Ac
788 425 893 473 prius
916 438 1034 473 quam
1056 425 1261 474 adgrediar
1280 425 1331 462 ad
1353 425 1411 463 ius
1432 437 1605 461 causam-

277 501 354 537 que
390 488 558 535 Corneli,
596 489 787 538 quiddam
823 490 874 527 de
907 489 1111 527 communi
1150 490 1387 527 condicione
1427 489 1605 527 omnium
1627 500 1643 531 5

277 561 453 591 nostrum
493 555 766 603 deprecandae
806 554 1096 592 malivolentiae
1141 567 1259 591 causa
1297 553 1465 591 breviter
1503 566 1607 591 com-

278 619 578 656 memorandum
612 619 772 656 videtur.
832 618 871 656 Si
902 632 982 667 quo
1012 620 1180 668 quisque
1210 620 1299 656 loco
1328 626 1504 656 nostrum
1535 624 1604 663 est,

278 685 438 730 iudices,
462 691 586 729 natus,
606 690 672 721 aut
694 683 736 731 si,
762 683 800 720 in
821 697 899 733 qua
921 685 1077 721 fortuna
1098 692 1154 721 est
1176 682 1365 721 nascendi
1387 682 1497 721 initio
1517 696 1608 720 con-

278 752 444 796 stitutus,
472 751 578 787 hunc
608 750 709 788 vitae
741 757 885 787 statum
916 762 1041 798 usque
1072 750 1123 787 ad
1153 755 1397 787 senectutem
1428 748 1607 786 obtinere

277 816 407 861 debet,
442 823 479 853 et
515 814 543 852 si
580 828 718 852 omnes
751 828 851 864 quos
884 822 949 852 aut
982 816 1138 852 fortuna
1169 814 1304 851 extulit
1335 820 1402 850 aut
1434 812 1607 861 ipsorum
1631 822 1669 845 10

277 880 493 918 inlustravit
529 880 638 917 labor
672 887 710 917 et
746 879 938 917 industria
973 892 1101 928 poena
1141 886 1232 916 sunt
1266 877 1490 924 adficiendi,
1528 890 1608 915 non

277 946 426 994 gravior
455 946 498 982 L.
523 945 708 983 Cornelio
737 958 856 993 quam
880 944 1012 982 multis
1041 943 1129 981 viris
1158 944 1273 981 bonis
1301 951 1419 992 atque
1444 942 1608 981 fortibus

277 1010 461 1049 constitui
483 1012 543 1047 lex
568 1009 669 1047 vitae
699 1017 736 1047 et
765 1010 950 1048 condicio
978 1009 1197 1047 videretur:
1229 1009 1287 1046 sin
1316 1016 1447 1046 autem
1469 1009 1609 1046 multo-

278 1090 362 1112 rum
380 1075 508 1122 virtus,
525 1075 738 1124 ingenium,
760 1076 983 1112 humanitas
1001 1089 1047 1112 cx
1065 1075 1201 1112 infimo
1216 1086 1359 1123 genere
1376 1081 1413 1111 et
1431 1074 1609 1110 fortunae

277 1142 399 1191 gradu
422 1153 500 1178 non
524 1141 645 1178 modo
667 1139 858 1178 amicitias
880 1147 918 1177 et
947 1140 999 1177 rei
1023 1138 1220 1177 familiaris
1242 1139 1376 1187 copias
1397 1144 1610 1175 consecuta
1633 1149 1669 1180 15

278 1216 347 1253 est,
371 1207 439 1244 sed
462 1218 656 1243 summam
678 1206 847 1252 laudem,
869 1206 1049 1251 honores,
1069 1205 1242 1253 gloriam,
1263 1202 1505 1252 dignitatem,
1529 1214 1609 1239 non

279 1273 463 1321 intellego
495 1285 563 1309 cur
597 1272 727 1320 potius
762 1271 908 1308 invidia
941 1269 1131 1307 violatura
1162 1268 1342 1307 virtutem
1374 1269 1417 1306 L.
1451 1268 1609 1306 Corneli

279 1350 397 1387 quam
442 1336 618 1385 aequitas
662 1343 787 1373 vestra
832 1335 1024 1384 pudorem
1069 1334 1152 1372 eius
1198 1334 1378 1371 adiutura
1421 1333 1610 1370 videatur.

281 1405 420 1451 Itaque
437 1402 545 1451 quod
567 1401 735 1438 maxime
752 1401 968 1450 petendum
987 1407 1044 1438 est
1061 1413 1083 1437 a
1099 1399 1211 1436 vobis
1234 1397 1380 1435 idcirco
1403 1410 1483 1434 non
1505 1404 1609 1446 peto,

280 1467 439 1513 iudices,
464 1479 512 1504 ne
537 1467 586 1504 de
617 1474 742 1503 vestra
768 1465 959 1515 sapientia
989 1472 1108 1514 atque
1138 1465 1188 1502 de
1214 1470 1339 1501 vestra
1367 1464 1611 1500 humanitate
1634 1476 1673 1496 20

278 1534 458 1571 dubitare
480 1533 633 1570 videar:
665 1539 722 1569 est
743 1539 873 1569 autem
899 1531 1115 1580 petendum
1143 1542 1192 1567 ne
1213 1527 1372 1566 oderitis
1396 1528 1607 1577 ingenium,

280 1611 329 1636 ne
357 1596 503 1634 inimici
533 1596 614 1634 sitis
646 1595 870 1642 industriae,
897 1609 945 1633 ne
978 1593 1263 1632 humanitatem
1295 1591 1608 1642 opprimendam,

280 1677 330 1701 ne
360 1664 540 1701 virtutem
571 1662 812 1711 puniendam
846 1662 1002 1710 putetis.
1064 1660 1166 1697 Illud
1193 1666 1295 1707 peto,
1320 1665 1372 1704 ut,
1396 1658 1426 1694 si
1454 1670 1612 1694 causam

281 1729 404 1779 ipsam
440 1741 507 1777 per
541 1740 582 1765 se
618 1728 768 1764 firmam
805 1740 890 1764 esse
931 1734 968 1764 et
1005 1725 1185 1763 stabilem
1221 1723 1404 1767 videritis,
1441 1721 1612 1759 hominis

281 1794 401 1845 ipsius
435 1800 667 1830 ornamenta
699 1791 931 1830 adiumento
966 1804 1106 1829 causae
1138 1790 1268 1839 potius
1300 1801 1419 1838 quam
1452 1786 1614 1838 impedi-
1636 1802 1672 1833 25

282 1868 417 1897 mento
438 1872 522 1896 6556
544 1857 695 1895 malitis.

337 1923 530 1968 Nascitur,
547 1922 706 1969 iudices,
724 1936 840 1960 causa
859 1921 1018 1961 Corneli
1041 1935 1086 1959 ex
1104 1934 1148 1959 ea
1164 1921 1249 1969 lege
1265 1931 1383 1968 quam
1403 1919 1444 1955 L.
1463 1918 1612 1956 Gellius

284 1991 354 2028 Cn.
379 1988 586 2028 Cornelius
608 2001 654 2026 ex
677 1996 835 2026 senatus
864 1988 1059 2025 sententia
1081 1987 1277 2031 tulerunt,
1307 1996 1384 2032 qua
1405 1983 1489 2032 lege
1510 1982 1612 2020 vide-

282 2069 369 2092 mus
386 2056 456 2093 m'le
476 2067 560 2092 esse
577 2062 756 2092 sanctum
780 2062 821 2090 ut
838 2053 942 2091 cives
963 2051 1133 2090 Romani
1152 2050 1227 2088 sint
1249 2049 1273 2086 ii
1291 2061 1390 2098 quos
1407 2048 1480 2086 Cn.
1500 2049 1612 2085 Pom-

326 2171 344 2199 3
370 2160 479 2190 officio
496 2158 588 2189 Paul
683 2170 701 2196 4
728 2158 772 2188 At
790 2158 854 2188 PB
962 2168 1000 2187 10
1024 2156 1123 2186 debet
1141 2152 1326 2194 Angelius:
1352 2151 1491 2181 deberet
1509 2149 1609 2188 codd,

282 2204 352 2235 edd.
488 2211 522 2232 11
554 2213 686 2241 poenae
714 2203 828 2242 (pene,
850 2201 953 2241 pena)
979 2205 1058 2231 sunt
1078 2197 1185 2229 codd:
1218 2205 1326 2236 poena
1350 2199 1465 2224 essent
1488 2193 1608 2233 Halm,

282 2247 350 2278 edd.
492 2247 530 2276 16
554 2246 717 2276 honorem
736 2245 815 2276 coni.
837 2243 922 2274 Reid
1075 2252 1115 2280 23
1139 2240 1345 2281 puniendam
1367 2236 1400 2267 [2²
1419 2237 1461 2268 G2
1480 2236 1526 2268 ed.
1543 2236 1585 2267 R.
1603 2248 1610 2267 ε

283 2290 509 2330 poeniendam
528 2289 626 2320 Orell.
647 2301 654 2321 ι
680 2289 923 2329 poenitendam
946 2286 1086 2318 PBEE:
1118 2284 1221 2324 penit.
1248 2281 1352 2313 G1H:
1379 2281 1608 2320 perimendam

283 2335 331 2366 ὸς
398 2335 440 2365 28
456 2334 636 2364 videmusk
651 2333 842 2363 :videamus
854 2332 918 2362 rell.
995 2341 1038 2369 29
1055 2329 1117 2360 rite
1130 2338 1206 2358 esse
1218 2331 1368 2357 sanctum
1382 2324 1510 2364 scripsi:
1529 2325 1609 2355 satis

283 2388 359 2408 esse
386 2379 491 2408 sancti
510 2377 596 2408 codd.
626 2382 794 2412 (sanctum
827 2375 971 2415 Turn.):
997 2375 1042 2404 ita
1064 2382 1140 2403 esse
1157 2375 1309 2402 sanctum
1328 2368 1429 2400 Reid:
1455 2368 1609 2398 sanxisse

282 2428 436 2453 senatum
450 2422 588 2462 Pcmtng.
603 2433 609 2452 z
629 2422 709 2451 satis
722 2425 849 2459 aperte,
866 2419 1009 2449 dilucide
1021 2428 1097 2447 esse
1108 2420 1260 2446 sanctum
1273 2414 1325 2444 all.
1411 2412 1443 2441 hi
1456 2411 1610 2451 Petpler.
