1774 2782
250 173 323 209 DE
357 173 522 211 DOMO
552 173 654 209 SVA
685 173 761 209 AD
795 171 1129 210 PONTIFICES
1161 172 1379 210 ORATIO
1437 181 1482 218 41

154 281 251 331 quid
272 280 379 319 omni
402 282 587 330 religione
615 280 803 318 munitius
831 293 950 330 quam
979 281 1122 319 domus
1148 281 1263 318 unius
1291 280 1482 330 cuiusque

153 346 327 385 civium?
384 347 463 383 Hic
484 359 572 384 arae
593 353 693 392 sunt,
718 345 780 383 hic
802 347 889 391 soci,
913 345 976 383 hic
1007 346 1046 384 di
1075 353 1248 395 penates,
1272 345 1334 383 hic
1362 359 1481 392 sacra,

154 411 370 461 religiones,
402 411 663 450 caerimoniae
687 412 964 458 continentum
993 412 1068 449 hoc
1097 412 1315 460 perfugium
1345 418 1401 449 est
1432 410 1485 448 ita

153 484 333 514 sanctum
366 476 551 514 omnibus
586 483 627 513 ut
658 477 750 514 inde
780 475 904 526 abripi
936 475 1136 514 neminem
1174 477 1229 513 fas
1270 475 1327 514 sit.
1389 478 1482 524 Quo

115 559 132 590 5
155 541 275 591 magis
286 545 350 579 'est
366 540 475 579 istius
497 543 601 579 furor
621 541 671 579 ab
692 541 851 578 auribus
865 540 1001 579 vestris
1019 541 1268 589 repellendus
1285 542 1360 590 qui,
1381 555 1482 590 quae

153 605 318 643 maiores
333 605 454 644 nostri
468 605 720 656 religionibus
735 613 820 644 tuta
831 606 949 645 nobis
962 613 1002 645 et
1013 613 1151 644 sancta
1164 618 1251 644 esse
1262 607 1480 654 voluerunt,

151 685 197 709 ea
218 672 289 709 iste
310 685 393 710 non
411 673 542 709 solum
567 679 704 710 contra
730 671 959 722 religionem
988 670 1247 718 labefactavit,
1272 671 1341 709 sed
1363 670 1480 709 etiam

152 735 274 786 ipsius
293 736 489 787 religionis
510 736 674 775 nomine
694 736 841 775 evertit.

205 804 257 839 At
278 815 378 851 quae
399 803 473 839 dea
493 803 584 839 est?
642 804 794 839 Bonam
816 814 900 839 esse
922 807 1086 850 oportet,
1110 799 1298 849 quoniam
1320 801 1481 849 quidem

95 887 133 908 10
153 875 210 905 est
242 867 313 905 abs
346 875 383 905 te
421 866 614 905 dedicata.
676 866 901 912 ‘Libertas‚'
932 865 1068 915 inquit,
1105 865 1208 904 ‘est.'
1265 867 1329 903 Tu
1369 865 1482 915 igitur

152 932 259 970 domi
284 945 394 970 meae
423 931 651 978 conlocasti,
680 945 798 981 quam
829 945 876 970 ex
905 931 1001 969 urbe
1031 938 1114 968 tota
1145 930 1363 968 sustulisti?
1419 931 1481 967 Tu

152 1009 242 1034 cum
263 998 446 1046 conlegas
467 1003 555 1034 tuos
571 1010 726 1034 summa
742 1003 935 1045 potestate
949 995 1146 1045 praeditos
1161 1008 1321 1045 negares
1338 995 1481 1033 liberos

151 1075 247 1108 esse,
270 1074 359 1099 cum
383 1061 421 1099 in
443 1062 634 1111 templum
657 1060 830 1101 Castoris
857 1060 986 1099 aditus
1014 1067 1116 1098 esset
1143 1068 1299 1110 apertus
1320 1059 1479 1106 nemini,

151 1139 240 1164 cum
259 1128 363 1164 hunc
379 1126 637 1165 clarissimum
659 1126 794 1173 virum,
811 1139 968 1164 summo
988 1139 1130 1176 genere
1151 1134 1298 1172 natum,
1318 1124 1481 1163 summis

95 1211 129 1242 ¹5
151 1191 283 1241 populi
302 1192 503 1230 beneficiis
521 1206 650 1239 usum,
666 1191 894 1242 pontificem
912 1200 950 1230 et
971 1193 1217 1230 consularem
1240 1198 1277 1229 et
1299 1189 1481 1241 singulari

150 1256 327 1295 bonitate
357 1265 395 1295 et
426 1257 617 1295 modestia
647 1257 878 1306 praeditum,
909 1270 1027 1306 quern
1058 1256 1149 1294 satis
1180 1255 1307 1293 mirari
1337 1255 1481 1305 quibus

150 1321 273 1359 oculis
294 1321 467 1372 aspicere
487 1324 633 1360 audeas
661 1336 740 1360 non
768 1335 881 1372 queo,
906 1322 1090 1360 audiente
1117 1322 1265 1371 populo
1298 1323 1482 1359 Romano

150 1401 173 1425 a
193 1386 419 1437 pedisequis
441 1387 662 1425 conculcari
685 1387 850 1433 iuberes,
873 1400 964 1424 cum
987 1386 1260 1425 indemnatum
1284 1399 1338 1423 me
1358 1394 1481 1424 extur-

152 1452 264 1490 bares
294 1452 501 1503 privilegiis
531 1452 740 1502 tyrannicis
770 1451 964 1502 inrogatis,
995 1466 1085 1490 cum
1121 1451 1337 1502 principem
1377 1451 1482 1489 orbis

93 1536 132 1558 20
154 1524 276 1555 terrae
297 1517 420 1555 virum
446 1517 639 1556 inclusum
668 1516 776 1555 domi
804 1517 1034 1564 contineres,
1058 1530 1149 1555 cum
1177 1518 1304 1555 forum
1324 1516 1481 1554 armatis

152 1582 315 1619 catervis
336 1582 577 1632 perditorum
606 1582 811 1621 hominum
837 1582 1067 1631 possideres,
1093 1581 1300 1620 Libertatis
1329 1581 1483 1619 simula-

151 1661 260 1685 crum
283 1647 321 1684 in
342 1661 387 1686 ea
403 1649 526 1686 domo
541 1648 790 1695 conlocabas,
810 1660 910 1697 quae
927 1648 1070 1685 domus
1087 1654 1167 1684 erat
1190 1646 1271 1696 ipsa
1291 1646 1481 1685 indicium

150 1712 407 1751 crudelissimi
440 1713 494 1751 tui
529 1713 754 1751 dominatus
789 1721 826 1751 et
859 1712 1095 1750 miserrimae
1135 1711 1269 1761 populi
1310 1711 1481 1749 Romani

151 1777 374 1815 servitutis?
431 1779 588 1816 Eumne
615 1778 864 1828 potissimum
898 1777 1072 1815 Libertas
1105 1778 1226 1815 domo
1254 1790 1323 1814 sua
1343 1776 1480 1815 debuit

92 1860 129 1890 ²5
151 1843 303 1891 pellere,
327 1842 393 1892 qui
423 1842 494 1880 nisi
523 1843 656 1881 fuisset
685 1843 722 1880 in
754 1856 952 1881 servorum
984 1850 1219 1892 potestatem
1241 1841 1375 1879 civitas
1398 1850 1478 1880 tota

149 1906 351 1945 venisset?
399 1909 452 1945 At
474 1908 579 1946 unde
599 1916 657 1946 est
679 1907 750 1946 ista
768 1908 925 1946 inventa
950 1907 1124 1945 Libertas
1142 1909 1158 1944 ?
1177 1906 1352 1956 quaesivi
1373 1906 1477 1944 enim

148 1971 362 2021 diligenter.
433 1974 662 2022 Tanagraea
707 1974 901 2022 quaedam
949 1972 1128 2010 meretrix
1166 1971 1285 2010 fuisse
1324 1971 1474 2010 dicitur.

149 2036 244 2074 Eius
267 2051 347 2075 non
369 2038 484 2087 longe
504 2051 527 2075 a
555 2040 735 2088 Tanagra
763 2038 1013 2076 simulacrum
1037 2050 1057 2074 e
1080 2050 1272 2075 marmore
1293 2036 1332 2074 in
1353 2038 1478 2086 sepul-

147 2114 212 2139 cro
241 2101 412 2151 positum
441 2102 523 2140 fuit.
584 2104 676 2140 Hoc
701 2102 862 2152 quidam
889 2103 1009 2140 homo
1038 2101 1193 2148 nobilis,
1224 2115 1303 2140 non
1328 2101 1477 2139 alienus

89 2183 127 2212 30
146 2166 196 2204 ab
219 2167 293 2204 hoc
315 2166 496 2216 religioso
519 2167 725 2206 Libertatis
748 2168 963 2213 sacerdote,
983 2167 1034 2205 ad
1061 2175 1242 2205 ornatum
1270 2166 1477 2204 aedilitatis

189 2279 207 2306 4
234 2269 308 2307 Quo
325 2269 403 2300 ku
418 2281 424 2300 ε
442 2271 530 2309 quod
550 2271 582 2300 P
595 2275 625 2300 el
635 2271 714 2310 pler.
808 2281 846 2300 10
870 2276 921 2300 est
941 2270 1030 2310 (post
1048 2270 1170 2310 inquit]
1193 2281 1258 2300 om.
1274 2269 1350 2299 ku·
1427 2269 1476 2299 Tu

144 2311 177 2341 P
187 2313 250 2343 rell.
261 2313 560 2352 praeterHGMbke
578 2315 668 2353 &Eam
681 2316 731 2346 tul
805 2324 812 2342 1
826 2325 835 2344 1
858 2319 963 2344 totam
977 2317 1014 2343 ut
1024 2314 1131 2344 Halm
1143 2314 1187 2343 ila
1199 2313 1217 2342 b
1290 2324 1327 2343 12
1346 2318 1479 2343 vetares

144 2355 284 2386 Halmio
307 2361 390 2388 auct.
417 2356 506 2388 Bait.
638 2359 675 2387 18
701 2368 752 2387 me
777 2357 853 2388 culti.
880 2357 971 2388 Bait.
1104 2367 1140 2386 21
1169 2357 1342 2388 obsideres
1370 2358 1476 2395 μορε.)

148 2398 261 2430 Graev.
281 2399 392 2440 (Balb.
410 2405 456 2439 §5
468 2410 472 2431 ι
565 2411 605 2430 22
623 2402 779 2432 indicium
792 2401 979 2432 Nielaendr.
993 2404 1078 2432 auct.
1092 2400 1204 2431 Muell.
1224 2412 1230 2430 :
1250 2400 1371 2430 indicio
1387 2399 1476 2431 codd.

146 2443 188 2472 26
211 2449 261 2473 est
278 2444 341 2474 ista
359 2445 494 2474 inventa
513 2448 549 2474 ul
567 2445 610 2475 Ge
628 2446 671 2475 ita
692 2444 792 2475 ΡΒΣΙ
807 2457 812 2475 ;
837 2446 972 2476 inventa
990 2450 1041 2475 est
1057 2445 1118 2474 ista
1136 2444 1223 2474 Hbs*

1507 188 1565 220 ¹09

1503 485 1554 522 42

1508 816 1565 836 110

1499 1888 1551 1925 43

1504 1949 1558 1969 111
