1774 2782
242 138 319 174 511
651 129 705 164 M.
738 128 906 164 TVLLI
937 127 1243 165 CICERONIS

284 238 431 277 ordinis
454 238 643 287 equestris
665 237 941 287 bonorumque
961 237 1151 284 omnium,
1169 250 1249 275 non
1266 239 1393 275 solum
1414 238 1519 276 bona
1539 239 1608 276 sed

285 304 400 342 etiam
416 305 663 341 honestatem
679 301 807 340 miseri
822 302 1248 351 deperdiderunt,quos
1265 316 1343 340 non
1361 302 1607 351 parsimonia,

286 383 365 405 non
391 367 645 414 continentia,
675 381 756 405 non
783 368 914 414 virtus,
942 381 1023 405 non
1050 368 1170 413 labor,
1194 380 1273 404 non
1300 368 1488 416 splendor
1512 368 1609 404 tueri

230 448 263 468 ι.)
286 433 411 483 potuit
433 440 569 470 contra
590 432 691 470 illius
713 434 908 471 helluonis
925 440 963 470 et
979 432 1189 482 praedonis
1204 432 1421 470 audaciam.
1474 432 1611 480 Quid?

286 498 351 548 qui
374 512 414 536 se
435 497 552 536 etiam
575 511 680 535 nunc
697 497 880 536 subsidiis
903 497 1113 547 patrimoni
1128 506 1195 536 aut
1211 497 1427 535 amicorum
1449 496 1611 534 liberali-
1630 509 1646 539 5

286 571 363 601 tate
385 571 617 608 sustentant,
641 564 713 600 hos
735 562 859 612 perire
881 562 1103 612 patiemur?
1151 565 1213 600 An
1232 563 1262 600 si
1279 564 1345 611 qui
1363 561 1435 599 frui
1452 562 1611 612 publico

286 642 365 666 non
388 628 513 678 potuit
535 642 602 678 per
623 629 790 674 hostem,
813 627 876 665 hic
897 629 1037 677 tegitur
1056 629 1137 677 ipsa
1159 629 1242 677 lege
1263 627 1463 665 censoria:
1493 641 1611 676 quem

286 694 316 731 is
340 693 408 730 frui
433 707 511 731 non
535 692 624 730 sinit
646 692 713 742 qui
738 700 806 740 est,
830 692 947 730 etiam
969 692 998 730 si
1021 706 1100 730 non
1125 693 1354 742 appellatur,
1372 691 1505 738 hostis,
1522 691 1613 729 huic

286 759 370 797 ferri
407 758 591 796 auxilium
628 772 707 796 non
744 760 927 808 oportet?
985 758 1170 797 Retinete
1199 757 1313 808 igitur
1345 757 1382 794 in
1415 757 1614 806 provincia

286 824 431 862 diutius
462 838 552 862 eum
584 824 650 873 qui
683 825 733 862 de
767 824 882 862 sociis
914 838 1003 861 cum
1038 823 1228 870 hostibus,
1262 824 1312 861 de
1342 822 1492 861 civibus
1523 836 1612 861 curn
1638 836 1674 857 10

287 889 401 927 sociis
429 889 541 927 faciat
568 889 780 938 pactiones,
809 889 874 938 qui
906 890 982 927 hoc
1013 889 1129 927 etiam
1160 902 1201 926 se
1231 888 1350 938 pluris
1381 901 1466 926 esse
1495 902 1613 938 quam

287 956 489 1004 conlegam
523 962 643 1004 putet,
673 955 781 1003 quod
818 954 881 992 ille
911 968 980 992 vos
1008 954 1160 992 tristitia
1187 956 1375 1003 vultuque
1403 954 1615 1004 deceperit,

287 1020 369 1069 ipse
398 1033 612 1068 numquam
639 1032 680 1057 se
705 1018 834 1056 minus
862 1032 979 1068 quam
1007 1028 1086 1057 erat
1114 1032 1284 1068 nequam
1307 1032 1392 1057 esse
1413 1019 1611 1057 simularit.

288 1085 377 1122 Piso
401 1092 533 1122 autem
562 1084 638 1122 alio
666 1085 839 1133 quodam
875 1085 996 1122 modo
1026 1084 1211 1134 gloriatur
1235 1097 1276 1122 se
1303 1083 1409 1122 brevi
1438 1091 1615 1134 tempore

287 1150 493 1200 perfecisse
517 1163 566 1188 ne
588 1151 631 1188 C.
652 1149 846 1187 Gabinius
868 1163 968 1187 unus
998 1150 1175 1188 omnium
1198 1149 1462 1200 nequissimus
1492 1149 1615 1188 existi·
1641 1160 1674 1191 ¹5

291 1225 469 1254 maretur.

232 1326 239 1346 l
257 1328 263 1338 ν
344 1284 431 1320 Hos
454 1294 521 1319 vos
543 1282 593 1319 de
611 1280 831 1330 provinciis,
851 1282 880 1319 si
904 1294 982 1319 non
1000 1281 1214 1330 aliquando
1231 1280 1455 1319 deducendi
1471 1289 1611 1327 essent,

249 1343 264 1356 “’
287 1347 540 1396 deripiendos
562 1360 642 1384 non
664 1346 881 1395 putaretis?
920 1354 957 1384 et
982 1348 1051 1384 has
1072 1346 1239 1395 duplicis
1260 1345 1379 1395 pestis
1405 1345 1613 1392 sociorum,

288 1413 454 1450 militum
472 1413 604 1458 cladis,
622 1412 920 1461 publicanorum
945 1412 1085 1459 ruinas,
1102 1411 1388 1461 provinciarum
1406 1412 1613 1458 vastitateS,

289 1478 425 1528 imperi
447 1479 618 1515 maculas
640 1477 853 1516 teneretis?
910 1480 962 1516 At
984 1477 1087 1516 idem
1110 1491 1178 1515 vos
1199 1491 1304 1515 anno
1326 1478 1524 1527 superiore
1545 1479 1616 1515 hos
1639 1491 1677 1512 20

241 1258 268 1294 6

289 1546 450 1583 eosdem
482 1543 736 1590 revocabatis,
770 1557 859 1580 cum
892 1544 931 1581 in
962 1543 1181 1593 provincias
1212 1543 1507 1592 pervenissent:
1537 1557 1617 1592 quo

289 1618 465 1659 tempore
504 1609 533 1647 si
574 1609 739 1646 liberum
775 1617 944 1646 vestrum
976 1608 1163 1646 iudicium
1199 1608 1332 1646 fuisset
1367 1622 1439 1647 nec
1474 1608 1617 1647 totiens

289 1677 408 1713 dilata
429 1688 487 1712 res
509 1687 581 1712 nec
602 1675 652 1712 ad
677 1682 893 1711 extremum
922 1687 943 1712 e
968 1673 1150 1711 manibus
1175 1682 1316 1723 erepta,
1341 1673 1614 1720 restituissetis‚

290 1739 329 1778 id
357 1741 464 1789 quod
490 1738 718 1788 cupiebatis,
743 1747 909 1776 vestram
935 1739 1219 1785 auctoritatem,
1244 1738 1288 1775 iis
1314 1752 1382 1788 per
1410 1751 1509 1788 quos
1537 1746 1617 1776 erat

289 1806 431 1842 amissa
451 1803 651 1849 revocatis,
676 1811 712 1841 et
734 1802 780 1840 iis
801 1802 894 1852 ipsis
915 1803 1096 1853 praemiis
1118 1803 1275 1842 extortis
1297 1817 1397 1853 quae
1418 1811 1526 1841 erant
1548 1817 1617 1852 pro
1641 1821 1677 1852 25

231 1882 269 1914 ¹4
290 1871 435 1907 scelere
461 1876 580 1918 atque
608 1868 811 1907 eversione
839 1869 984 1918 patriae
1012 1871 1224 1908 consecuti.
1286 1871 1375 1918 Qua
1396 1882 1417 1907 e
1438 1882 1566 1918 poena
1586 1868 1617 1906 si

290 1942 371 1972 tum
397 1935 561 1971 aliorum
590 1934 743 1983 opibus,
774 1948 854 1972 non
881 1934 970 1982 suis,
1003 1935 1242 1973 invitissimis
1268 1934 1379 1972 vobis
1401 1935 1613 1980 evolarunt,

290 2006 328 2036 at
362 1998 476 2036 aliam
512 2000 636 2036 multo
678 1999 864 2037 maiorem
898 1999 1192 2049 gravioremque
1227 2000 1441 2037 subierunt.
1503 1999 1616 2046 Quae

291 2063 394 2101 enim
417 2064 567 2102 homini
594 2064 631 2101 in
655 2078 734 2113 quo
760 2064 890 2113 aliqui,
915 2065 944 2102 si
971 2078 1050 2103 non
1073 2067 1199 2103 famae
1226 2065 1363 2114 pudor,
1387 2071 1425 2101 at
1450 2063 1614 2112 supplici

290 2130 406 2166 timor
439 2136 496 2167 est
527 2130 677 2178 gravior
711 2142 839 2179 poena
873 2130 1051 2168 accidere
1085 2131 1211 2179 potuit
1244 2143 1361 2179 quam
1397 2142 1477 2166 non
1509 2128 1614 2166 credi
1636 2143 1677 2173 30

290 2193 424 2232 litteris
439 2194 482 2231 iis
498 2207 598 2243 quae
612 2206 693 2231 rem
708 2194 906 2243 publicam
923 2195 1023 2233 bene
1037 2203 1185 2244 gestam
1200 2195 1238 2231 in
1254 2194 1358 2231 bello
1373 2193 1615 2231 nuntiarent?

338 2307 375 2335 15
399 2297 436 2328 C.
466 2302 556 2327 extra
580 2308 711 2327 versum
734 2297 810 2328 add.
831 2297 967 2328 ΡῙΒΣίε
990 2308 1055 2328 om.
1075 2297 1133 2327 Hk
1155 2297 1210 2327 all.
1369 2306 1406 2326 21
1435 2307 1507 2326 cum
1525 2295 1612 2326 codd.

285 2344 411 2380 praeter
429 2340 458 2370 G
475 2351 562 2377 ,curn
580 2342 628 2373 vii
643 2353 648 2371 2
675 2351 793 2371 rasura
809 2351 892 2380 quae
912 2345 957 2370 est
973 2342 1004 2370 in
1022 2341 1054 2371 P
1070 2346 1206 2380 prorsus
1222 2339 1348 2370 nullius
1369 2345 1415 2370 est
1437 2340 1614 2369 momenti:

291 2395 365 2413 cum
382 2385 437 2413 vix
455 2386 534 2414 coni.
552 2383 639 2414 Bait.
655 2397 660 2414 :
679 2395 752 2414 cum
776 2384 809 2414 in
834 2394 929 2423 prOV.
954 2385 1017 2414 iarn
1031 2383 1119 2414 Hbs·
1222 2385 1264 2413 26
1288 2394 1352 2422 qua
1369 2383 1403 2423 e]
1423 2394 1487 2422 qua
1504 2383 1536 2412 P
1550 2381 1612 2413 rell.

285 2431 414 2467 praeier
429 2427 530 2457 HGE
549 2430 664 2467 (quae)
797 2438 839 2467 29
862 2428 963 2466 aliqui
981 2427 1022 2457 P¹
1040 2440 1045 2458 :
1068 2427 1188 2466 aliquis
1206 2427 1270 2459 rell.
1292 2426 1391 2467 (Har.
1411 2426 1508 2466 Resp.
1530 2426 1614 2466 §62)
