1774 2782
494 156 604 194 PRo
636 157 676 193 P.
710 157 902 194 SEsT1o
935 157 1151 195 ORATIO
1428 166 1480 202 30
1501 162 1543 204 65

158 260 231 298 illis
252 261 406 299 duabus
427 262 542 300 huius
563 263 700 313 imperi
722 264 898 313 pestibus
918 264 998 310 fuit,
1019 264 1100 302 iure
1121 278 1237 314 posse
1257 277 1324 313 per
1344 278 1481 314 operas

158 325 372 363 concitatas
394 327 572 375 quemvis
593 327 719 366 civem
745 328 977 366 nominatim
1001 329 1146 366 tribuni
1168 328 1293 378 plebis
1313 329 1482 367 concilio

157 404 204 427 ex
242 391 397 429 civitate
431 392 657 430 exturbari?
727 395 840 441 Quae
871 408 963 432 vero
998 395 1243 443 promulgata
1277 394 1343 431 illo
1376 407 1482 432 anno
1501 397 1542 428 66

157 455 309 502 suerint,
333 469 434 505 quae
453 457 645 505 promissa
666 458 806 505 multis,
827 471 929 508 quae
944 458 1175 508 conscripta,
1196 472 1296 508 quae
1317 467 1480 508 sperata,

117 534 133 564 5
157 533 257 569 quae
278 521 456 570 cogitata,
481 521 576 571 quid
597 522 757 560 dicam?
815 523 894 572 Qui
922 525 1032 561 locus
1053 522 1138 561 orbi
1160 531 1281 561 terrae
1303 523 1378 560 iam
1401 537 1482 561 non

156 594 236 623 erat
257 586 372 624 alicui
394 587 610 626 destinatus
627 590 644 625 ?
701 588 824 627 Cuius
840 590 972 638 negoti
990 588 1137 638 publici
1154 588 1324 638 cogitari,
1344 589 1480 637 optari,

157 650 249 699 fingi
271 651 418 690 curatio
439 652 568 702 potuit
583 666 684 702 quae
705 667 786 690 non
808 661 910 691 esset
929 655 1115 691 attributa
1131 661 1248 703 atque
1269 653 1482 703 discripta?

157 716 278 762 Quod
298 730 420 765 genus
443 717 580 767 imperi
600 726 667 755 aut
688 732 789 767 quae
816 718 1026 768 provincia,
1051 732 1152 768 quae
1177 718 1273 756 ratio
1300 726 1367 755 aut
1392 719 1482 755 flan-

155 781 229 818 dae
249 789 315 818 aut
336 783 568 820 conflandae
590 784 781 832 pecuniae
802 797 883 821 non
904 784 1198 833 reperiebatur?
1242 785 1356 832 Quae
1377 783 1482 833 regio

97 862 136 884 10
155 858 271 883 orave
309 854 496 885 terrarum
539 856 620 886 erat
658 849 770 886 latior
808 849 848 886 in
886 862 964 898 qua
998 862 1080 886 non
1117 862 1280 898 regnum
1320 848 1481 898 aliquod

154 914 417 951 statueretur?
474 913 573 961 Quis
602 921 735 951 autern
764 927 830 951 rex
859 922 940 952 erat
969 913 1036 963 qui
1066 913 1132 951 illo
1161 927 1266 951 anno
1301 927 1381 951 non
1416 920 1482 950 aut

154 978 367 1015 emendum
395 977 469 1016 sibi
504 979 612 1028 quod
644 992 725 1016 non
759 979 942 1026 habebat,
965 987 1032 1017 aut
1063 978 1338 1017 redimendum
1373 979 1482 1028 quod

154 1041 326 1080 habebat
364 1043 641 1082 arbitraretur?
699 1043 799 1092 Quis
838 1043 1090 1094 provinciam,
1133 1043 1220 1093 quis
1259 1043 1479 1093 pecuniam,

154 1107 241 1157 quis
258 1108 492 1157 legationem
509 1122 531 1147 a
547 1117 685 1147 senatu
702 1110 891 1159 petebat?
934 1108 1140 1146 Damnatis
1157 1110 1207 1146 de
1223 1108 1258 1145 vi
1276 1108 1477 1154 restitutio,

96 1189 135 1220 15
154 1175 381 1212 consulatus
402 1174 540 1224 petitio
563 1175 636 1224 ipsi
663 1175 718 1212 illi
743 1174 921 1225 populari
948 1174 1142 1212 sacerdoti
1167 1174 1477 1223 comparabatur.

156 1240 270 1277 Haec
299 1240 510 1289 gemebant
539 1239 645 1285 boni,
679 1240 888 1289 sperabant
918 1239 1098 1289 improbi,
1128 1239 1267 1289 agebat
1298 1238 1477 1276 tribunus

153 1303 293 1354 plebis,
315 1306 496 1342 consules
525 1304 777 1342 adiuvabant.

209 1369 289 1407 Hic
318 1369 544 1419 aliquando,
576 1369 697 1407 serius
732 1383 852 1419 quam
883 1369 967 1419 ipse
1000 1371 1127 1416 vellet,
1160 1371 1234 1409 Cn.
1266 1369 1478 1420 Pompeius
1499 1358 1542 1425 3}

154 1434 393 1472 invitissimis
414 1434 459 1472 iis
480 1434 547 1484 qui
568 1443 743 1472 mentem
760 1434 899 1484 optimi
919 1448 965 1473 ac
985 1434 1184 1472 fortissimi
1200 1434 1269 1472 viri
1291 1434 1368 1472 suis
1389 1448 1480 1472 con-
1525 1427 1535 1451 ί

95 1515 137 1537 20
155 1499 248 1536 siliis
265 1499 443 1549 fictisque
459 1500 669 1537 terroribus
686 1514 709 1537 a
724 1499 956 1538 defensione
973 1513 1084 1537 meae
1099 1501 1233 1537 salutis
1249 1506 1478 1545 averterant,

154 1564 336 1602 excitavit
359 1564 465 1602 illam
490 1577 601 1602 suam
627 1578 709 1602 non
732 1564 913 1613 sopitam,
937 1565 1006 1602 sed
1032 1564 1256 1614 suspicione
1276 1564 1407 1613 aliqua
1427 1578 1481 1601 re-

153 1630 344 1667 tardatam
366 1631 696 1667 consuetudinem
722 1629 775 1666 rei
798 1629 979 1678 publicae
1001 1630 1102 1667 bene
1121 1631 1326 1679 gerendae.
1388 1631 1480 1667 Non

153 1702 210 1730 est
238 1707 372 1743 passus
402 1693 467 1732 ille
496 1693 561 1740 vir,
595 1693 663 1743 qui
692 1693 1012 1732 sceleratissimos
1037 1693 1145 1741 civis,
1175 1693 1243 1743 qui
1271 1693 1480 1731 acerrimos

153 1759 286 1804 hostis,
319 1758 385 1808 qui
416 1758 604 1796 maximas
634 1758 824 1804 nationes,
863 1758 931 1807 qui
969 1771 1088 1808 reges,
1122 1758 1188 1807 qui
1223 1759 1348 1808 gentis
1382 1759 1480 1796 feras

94 1837 131 1867 25
152 1831 269 1872 atque
290 1823 495 1870 inauditas,
514 1824 582 1874 qui
602 1826 847 1874 praedonum
869 1823 1061 1861 infinitam
1083 1837 1255 1871 manum,
1275 1823 1342 1873 qui
1362 1824 1479 1862 etiam

152 1889 306 1927 servitia
338 1889 480 1927 virtute
508 1889 750 1939 victoriaque
779 1889 1009 1936 domuisset,
1041 1889 1107 1938 qui
1148 1889 1333 1927 omnibus
1368 1889 1479 1927 bellis

151 1962 251 1992 terra
281 1954 458 2004 marique
489 1954 725 2004 compressis
758 1953 967 2005 imperium
998 1953 1133 2004 populi
1168 1953 1340 1991 Romani
1373 1953 1478 1992 orbis

150 2026 338 2058 terrarum
372 2019 549 2058 terminis
583 2019 797 2067 definisset,
830 2033 911 2058 rem
946 2018 1145 2068 pubiicam
1179 2018 1300 2056 everti
1333 2019 1479 2056 scelere

150 2098 381 2134 paucorum,
395 2098 515 2135 quam
533 2086 616 2135 ipse
631 2098 713 2123 non
729 2087 857 2123 solum
875 2084 1046 2123 consiliis
1064 2085 1133 2122 sed
1150 2083 1267 2121 etiam
1289 2083 1477 2133 sanguine

194 2200 213 2227 4
239 2189 361 2219 suerint
376 2189 414 2219 O.
434 2188 480 2220 M.
497 2188 671 2219 Muelleret
681 2189 793 2219 M'adv.
811 2200 816 2218 :
835 2189 964 2218 fuerant
977 2188 1066 2219 codd.
1082 2188 1233 2223 (fuerunt
1246 2187 1279 2225 k)
1365 2197 1383 2226 5
1408 2187 1479 2217 orbi

150 2232 183 2262 P
197 2233 260 2263 rell.
276 2237 403 2271 praeter
419 2232 446 2262 G
465 2233 583 2272 (orbis‘i
600 2244 608 2271 3
637 2232 723 2263 Verr.
741 2233 781 2270 iv,
799 2233 867 2269 §82
959 2243 975 2270 7
1003 2232 1126 2272 potuit]
1146 2232 1252 2261 doluit
1269 2229 1361 2260 PBG
1432 2231 1480 2260 di-

149 2277 274 2315 scripta
289 2275 343 2306 P:
368 2277 538 2315 descripta
555 2276 588 2306 Β
605 2276 668 2307 rell.
788 2285 823 2305 11
851 2285 940 2306 anno
957 2286 982 2306 s.
998 2276 1018 2306 l.
1040 2275 1085 2304 ΡΒ
1202 2277 1240 2305 18
1264 2274 1433 2312 aliquanto
1452 2273 1480 2304 G

153 2330 192 2357 19
217 2319 310 2350 isP:
347 2320 400 2350 his
412 2320 492 2350 ΒΣε
528 2320 568 2350 iis
591 2320 612 2350 le
718 2318 804 2358 suis]
835 2320 945 2349 saevis
961 2319 1041 2349 coni.
1064 2318 1164 2348 Reid:
1198 2318 1310 2348 stultis
1327 2317 1476 2347 Holden:

150 2363 276 2393 insanis
296 2362 395 2393 Clark
483 2373 521 2393 21
541 2364 685 2402 sopitam
703 2362 753 2391 b²s
770 2367 799 2392 et
815 2362 933 2392 Lamb.
952 2374 957 2392 :
983 2362 1116 2392 solitam
1132 2361 1218 2391 PH:
1245 2361 1413 2391 insolitam
1434 2359 1478 2389 Ρ2

151 2406 210 2435 rell.
223 2431 229 2443 ,
247 2406 290 2436 ed.
310 2407 353 2436 R.
511 2417 550 2444 24
576 2407 692 2437 hostes
709 2405 762 2436 Hs
779 2417 785 2436 ι
807 2407 894 2436 cives
912 2405 1006 2436 PBG
1112 2406 1164 2444 qui
1185 2410 1306 2443 gentos
1324 2403 1475 2440 JIbkall„

151 2450 195 2480 sd.
217 2450 278 2480 R.:
305 2451 416 2488 gentis
433 2450 488 2487 qui
507 2450 628 2480 PBEG
