<?xml version="1.0" encoding="UTF-8"?>
<!DOCTYPE html PUBLIC "-//W3C//DTD XHTML 1.0 Transitional//EN"
    "http://www.w3.org/TR/xhtml1/DTD/xhtml1-transitional.dtd">
<html xmlns="http://www.w3.org/1999/xhtml" xml:lang="en" lang="en">
 <head>
  <title>
</title>
<meta http-equiv="Content-Type" content="text/html;charset=utf-8" />
  <meta name='ocr-system' content='tesseract 3.04.00' />
  <meta name='ocr-capabilities' content='ocr_page ocr_carea ocr_par ocr_line ocrx_word'/>
</head>
<body>
  <div class='ocr_page' id='page_1' title='image "./orationesrecogno05ciceuoft/orationesrecogno05ciceuoft_0219.png"; bbox 0 0 1774 2782; ppageno 0'>
   <div class='ocr_carea' id='block_1_1' title="bbox 221 183 1528 229">
    <p class='ocr_par' dir='ltr' id='par_1_1' title="bbox 221 183 1528 229">
     <span class='ocr_line' id='line_1_1' title="bbox 221 183 1528 229; baseline 0.002 -10"><span class='ocrx_word' id='word_1_1' title='bbox 221 183 282 219; x_wconf 91' lang='lat' dir='ltr'><strong>IN</strong></span> <span class='ocrx_word' id='word_1_2' title='bbox 315 184 354 220; x_wconf 90' lang='lat' dir='ltr'><strong>P.</strong></span> <span class='ocrx_word' id='word_1_3' title='bbox 390 183 678 219; x_wconf 65' lang='lat' dir='ltr'>VATINIVM</span> <span class='ocrx_word' id='word_1_4' title='bbox 709 183 934 220; x_wconf 86' lang='lat' dir='ltr'>TESTEM</span> <span class='ocrx_word' id='word_1_5' title='bbox 968 183 1405 221; x_wconf 69' lang='lat' dir='ltr'>INTERROGATIO</span> <span class='ocrx_word' id='word_1_6' title='bbox 1467 193 1490 220; x_wconf 86' lang='lat'>2</span> <span class='ocrx_word' id='word_1_7' title='bbox 1511 197 1528 229; x_wconf 90' lang='lat'><em>5</em></span> 
     </span>
    </p>
   </div>
   <div class='ocr_carea' id='block_1_2' title="bbox 104 290 1529 2291">
    <p class='ocr_par' dir='ltr' id='par_1_2' title="bbox 165 290 1527 533">
     <span class='ocr_line' id='line_1_2' title="bbox 251 290 1527 339; baseline 0.002 -12"><span class='ocrx_word' id='word_1_8' title='bbox 251 321 257 328; x_wconf 90' lang='lat'><strong>.</strong></span> <span class='ocrx_word' id='word_1_9' title='bbox 283 321 289 328; x_wconf 94' lang='lat'><strong>.</strong></span> <span class='ocrx_word' id='word_1_10' title='bbox 314 298 482 328; x_wconf 83' lang='lat' dir='ltr'><strong>veterem</strong></span> <span class='ocrx_word' id='word_1_11' title='bbox 505 304 638 328; x_wconf 90' lang='lat' dir='ltr'><strong>meum</strong></span> <span class='ocrx_word' id='word_1_12' title='bbox 658 290 841 338; x_wconf 88' lang='lat' dir='ltr'><strong>amicum,</strong></span> <span class='ocrx_word' id='word_1_13' title='bbox 865 292 934 329; x_wconf 88' lang='lat' dir='ltr'><strong>sed</strong></span> <span class='ocrx_word' id='word_1_14' title='bbox 962 298 1094 329; x_wconf 84' lang='lat' dir='ltr'><strong>tamen</strong></span> <span class='ocrx_word' id='word_1_15' title='bbox 1115 298 1226 329; x_wconf 88' lang='lat' dir='ltr'><strong>tuum</strong></span> <span class='ocrx_word' id='word_1_16' title='bbox 1248 291 1486 338; x_wconf 78' lang='lat' dir='ltr'>familiarem,</span> <span class='ocrx_word' id='word_1_17' title='bbox 1510 309 1527 339; x_wconf 84' lang='lat'>5</span> 
     </span>
     <span class='ocr_line' id='line_1_3' title="bbox 165 355 1488 406; baseline 0.001 -14"><span class='ocrx_word' id='word_1_18' title='bbox 165 355 420 401; x_wconf 73' lang='lat' dir='ltr'><strong>defenderim,</strong></span> <span class='ocrx_word' id='word_1_19' title='bbox 448 368 537 392; x_wconf 90' lang='lat' dir='ltr'><strong>cum</strong></span> <span class='ocrx_word' id='word_1_20' title='bbox 567 355 606 392; x_wconf 94' lang='lat' dir='ltr'><strong>in</strong></span> <span class='ocrx_word' id='word_1_21' title='bbox 634 356 707 393; x_wconf 88' lang='lat' dir='ltr'><strong>hac</strong></span> <span class='ocrx_word' id='word_1_22' title='bbox 734 355 890 394; x_wconf 79' lang='lat' dir='ltr'><strong>civitate</strong></span> <span class='ocrx_word' id='word_1_23' title='bbox 917 355 1158 405; x_wconf 80' lang='lat' dir='ltr'>oppugnatio</span> <span class='ocrx_word' id='word_1_24' title='bbox 1188 357 1311 394; x_wconf 77' lang='lat' dir='ltr'><strong>soleat</strong></span> <span class='ocrx_word' id='word_1_25' title='bbox 1340 369 1418 406; x_wconf 92' lang='lat' dir='ltr'><strong>qua</strong></span> <span class='ocrx_word' id='word_1_26' title='bbox 1448 363 1488 393; x_wconf 86' lang='lat' dir='ltr'><strong>tu</strong></span> 
     </span>
     <span class='ocr_line' id='line_1_4' title="bbox 165 420 1488 470; baseline 0.002 -13"><span class='ocrx_word' id='word_1_27' title='bbox 165 433 271 457; x_wconf 85' lang='lat' dir='ltr'><strong>nunc</strong></span> <span class='ocrx_word' id='word_1_28' title='bbox 300 420 417 458; x_wconf 85' lang='lat' dir='ltr'><strong>uteris</strong></span> <span class='ocrx_word' id='word_1_29' title='bbox 445 433 525 457; x_wconf 87' lang='lat' dir='ltr'><strong>non</strong></span> <span class='ocrx_word' id='word_1_30' title='bbox 557 433 786 469; x_wconf 82' lang='lat' dir='ltr'>numquam,</span> <span class='ocrx_word' id='word_1_31' title='bbox 815 421 993 458; x_wconf 80' lang='lat' dir='ltr'><strong>defensio</strong></span> <span class='ocrx_word' id='word_1_32' title='bbox 1022 434 1239 470; x_wconf 81' lang='lat' dir='ltr'>numquam</span> <span class='ocrx_word' id='word_1_33' title='bbox 1269 421 1488 470; x_wconf 81' lang='lat' dir='ltr'><strong>vituperari.</strong></span> 
     </span>
     <span class='ocr_line' id='line_1_5' title="bbox 165 485 1487 533; baseline 0.001 -11"><span class='ocrx_word' id='word_1_34' title='bbox 165 485 242 522; x_wconf 91' lang='lat' dir='ltr'><strong>Sed</strong></span> <span class='ocrx_word' id='word_1_35' title='bbox 271 497 417 533; x_wconf 82' lang='lat' dir='ltr'><strong>quaero</strong></span> <span class='ocrx_word' id='word_1_36' title='bbox 440 498 463 522; x_wconf 90' lang='lat' dir='ltr'><strong>a</strong></span> <span class='ocrx_word' id='word_1_37' title='bbox 486 492 524 523; x_wconf 87' lang='lat' dir='ltr'><strong>te</strong></span> <span class='ocrx_word' id='word_1_38' title='bbox 554 498 622 522; x_wconf 89' lang='lat' dir='ltr'><strong>cur</strong></span> <span class='ocrx_word' id='word_1_39' title='bbox 649 485 694 522; x_wconf 89' lang='lat' dir='ltr'><strong>C.</strong></span> <span class='ocrx_word' id='word_1_40' title='bbox 717 486 946 523; x_wconf 89' lang='lat' dir='ltr'><strong>Cornelium</strong></span> <span class='ocrx_word' id='word_1_41' title='bbox 977 498 1057 522; x_wconf 90' lang='lat' dir='ltr'><strong>non</strong></span> <span class='ocrx_word' id='word_1_42' title='bbox 1085 486 1362 523; x_wconf 81' lang='lat' dir='ltr'><strong>defenderem:</strong></span> <span class='ocrx_word' id='word_1_43' title='bbox 1394 499 1487 523; x_wconf 88' lang='lat' dir='ltr'><strong>num</strong></span> 
     </span>
    </p>

    <p class='ocr_par' dir='ltr' id='par_1_3' title="bbox 128 549 1489 860">
     <span class='ocr_line' id='line_1_6' title="bbox 128 549 1485 599; baseline 0.001 -13"><span class='ocrx_word' id='word_1_44' title='bbox 128 565 145 596; x_wconf 83' lang='lat'>5</span> <span class='ocrx_word' id='word_1_45' title='bbox 165 550 291 599; x_wconf 90' lang='lat' dir='ltr'><strong>legem</strong></span> <span class='ocrx_word' id='word_1_46' title='bbox 306 549 478 598; x_wconf 84' lang='lat' dir='ltr'>aliquam</span> <span class='ocrx_word' id='word_1_47' title='bbox 496 549 703 588; x_wconf 85' lang='lat' dir='ltr'><strong>Cornelius</strong></span> <span class='ocrx_word' id='word_1_48' title='bbox 719 557 855 587; x_wconf 87' lang='lat' dir='ltr'><strong>contra</strong></span> <span class='ocrx_word' id='word_1_49' title='bbox 867 549 1042 599; x_wconf 86' lang='lat' dir='ltr'><strong>auspicia</strong></span> <span class='ocrx_word' id='word_1_50' title='bbox 1058 550 1196 596; x_wconf 87' lang='lat' dir='ltr'><strong>tulerit,</strong></span> <span class='ocrx_word' id='word_1_51' title='bbox 1214 564 1307 587; x_wconf 88' lang='lat' dir='ltr'><strong>num</strong></span> <span class='ocrx_word' id='word_1_52' title='bbox 1323 550 1485 596; x_wconf 75' lang='lat' dir='ltr'><strong>Aeliam,</strong></span> 
     </span>
     <span class='ocr_line' id='line_1_7' title="bbox 165 614 1486 664; baseline 0 -12"><span class='ocrx_word' id='word_1_53' title='bbox 165 628 260 652; x_wconf 89' lang='lat' dir='ltr'><strong>num</strong></span> <span class='ocrx_word' id='word_1_54' title='bbox 292 615 445 652; x_wconf 84' lang='lat' dir='ltr'><strong>Fufiam</strong></span> <span class='ocrx_word' id='word_1_55' title='bbox 479 616 606 664; x_wconf 86' lang='lat' dir='ltr'><strong>legem</strong></span> <span class='ocrx_word' id='word_1_56' title='bbox 635 615 857 664; x_wconf 82' lang='lat' dir='ltr'><strong>neglexerit,</strong></span> <span class='ocrx_word' id='word_1_57' title='bbox 889 629 984 652; x_wconf 90' lang='lat' dir='ltr'><strong>num</strong></span> <span class='ocrx_word' id='word_1_58' title='bbox 1015 614 1167 653; x_wconf 87' lang='lat' dir='ltr'><strong>consuli</strong></span> <span class='ocrx_word' id='word_1_59' title='bbox 1196 615 1275 652; x_wconf 91' lang='lat' dir='ltr'><strong>vim</strong></span> <span class='ocrx_word' id='word_1_60' title='bbox 1306 615 1486 661; x_wconf 84' lang='lat' dir='ltr'><strong>attulerit,</strong></span> 
     </span>
     <span class='ocr_line' id='line_1_8' title="bbox 164 679 1489 729; baseline 0.001 -12"><span class='ocrx_word' id='word_1_61' title='bbox 164 693 260 717; x_wconf 90' lang='lat' dir='ltr'><strong>num</strong></span> <span class='ocrx_word' id='word_1_62' title='bbox 291 682 448 717; x_wconf 86' lang='lat' dir='ltr'><strong>armatis</strong></span> <span class='ocrx_word' id='word_1_63' title='bbox 483 679 710 718; x_wconf 89' lang='lat' dir='ltr'><strong>hominibus</strong></span> <span class='ocrx_word' id='word_1_64' title='bbox 745 681 937 729; x_wconf 89' lang='lat' dir='ltr'><strong>templum</strong></span> <span class='ocrx_word' id='word_1_65' title='bbox 969 680 1146 727; x_wconf 86' lang='lat' dir='ltr'><strong>tenuerit,</strong></span> <span class='ocrx_word' id='word_1_66' title='bbox 1180 694 1276 717; x_wconf 88' lang='lat' dir='ltr'><strong>num</strong></span> <span class='ocrx_word' id='word_1_67' title='bbox 1311 680 1489 719; x_wconf 87' lang='lat' dir='ltr'><strong>interces-</strong></span> 
     </span>
     <span class='ocr_line' id='line_1_9' title="bbox 165 744 1489 794; baseline 0.001 -12"><span class='ocrx_word' id='word_1_68' title='bbox 165 758 292 783; x_wconf 88' lang='lat' dir='ltr'><strong>sorem</strong></span> <span class='ocrx_word' id='word_1_69' title='bbox 327 744 363 782; x_wconf 92' lang='lat' dir='ltr'><strong>vi</strong></span> <span class='ocrx_word' id='word_1_70' title='bbox 397 744 592 792; x_wconf 89' lang='lat' dir='ltr'><strong>deiecerit,</strong></span> <span class='ocrx_word' id='word_1_71' title='bbox 624 758 721 782; x_wconf 91' lang='lat' dir='ltr'><strong>num</strong></span> <span class='ocrx_word' id='word_1_72' title='bbox 750 744 956 794; x_wconf 82' lang='lat' dir='ltr'><strong>religiones</strong></span> <span class='ocrx_word' id='word_1_73' title='bbox 986 744 1178 794; x_wconf 87' lang='lat' dir='ltr'><strong>polluerit,</strong></span> <span class='ocrx_word' id='word_1_74' title='bbox 1209 745 1399 783; x_wconf 87' lang='lat' dir='ltr'><strong>aerarium</strong></span> <span class='ocrx_word' id='word_1_75' title='bbox 1430 759 1489 783; x_wconf 83' lang='lat' dir='ltr'><strong>ex-</strong></span> 
     </span>
     <span class='ocr_line' id='line_1_10' title="bbox 165 809 1488 860; baseline 0.001 -13"><span class='ocrx_word' id='word_1_76' title='bbox 165 809 345 857; x_wconf 84' lang='lat' dir='ltr'><strong>hauserit,</strong></span> <span class='ocrx_word' id='word_1_77' title='bbox 364 823 445 848; x_wconf 90' lang='lat' dir='ltr'><strong>rem</strong></span> <span class='ocrx_word' id='word_1_78' title='bbox 463 809 661 860; x_wconf 86' lang='lat' dir='ltr'><strong>publicam</strong></span> <span class='ocrx_word' id='word_1_79' title='bbox 683 810 931 860; x_wconf 88' lang='lat' dir='ltr'><strong>compilarit?</strong></span> <span class='ocrx_word' id='word_1_80' title='bbox 971 812 1059 847; x_wconf 91' lang='lat' dir='ltr'><strong>Tua</strong></span> <span class='ocrx_word' id='word_1_81' title='bbox 1079 818 1178 857; x_wconf 87' lang='lat' dir='ltr'><strong>sunt,</strong></span> <span class='ocrx_word' id='word_1_82' title='bbox 1199 818 1265 848; x_wconf 87' lang='lat' dir='ltr'><strong>tua</strong></span> <span class='ocrx_word' id='word_1_83' title='bbox 1286 818 1375 848; x_wconf 79' lang='lat' dir='ltr'><strong>sunt</strong></span> <span class='ocrx_word' id='word_1_84' title='bbox 1391 812 1488 849; x_wconf 88' lang='lat' dir='ltr'><strong>haec</strong></span> 
     </span>
    </p>

    <p class='ocr_par' dir='ltr' id='par_1_4' title="bbox 108 874 1488 1185">
     <span class='ocr_line' id='line_1_11' title="bbox 108 874 1487 916; baseline 0 -4"><span class='ocrx_word' id='word_1_85' title='bbox 108 894 147 916; x_wconf 88' lang='lat'><strong>10</strong></span> <span class='ocrx_word' id='word_1_86' title='bbox 166 874 321 913; x_wconf 82' lang='lat' dir='ltr'><strong>onmia:</strong></span> <span class='ocrx_word' id='word_1_87' title='bbox 357 874 542 914; x_wconf 90' lang='lat' dir='ltr'><strong>Cornelio</strong></span> <span class='ocrx_word' id='word_1_88' title='bbox 569 874 652 913; x_wconf 87' lang='lat' dir='ltr'><strong>eius</strong></span> <span class='ocrx_word' id='word_1_89' title='bbox 682 874 790 913; x_wconf 89' lang='lat' dir='ltr'><strong>modi</strong></span> <span class='ocrx_word' id='word_1_90' title='bbox 817 874 914 912; x_wconf 85' lang='lat' dir='ltr'><strong>nihil</strong></span> <span class='ocrx_word' id='word_1_91' title='bbox 938 874 1138 913; x_wconf 88' lang='lat' dir='ltr'><strong>obiectum</strong></span> <span class='ocrx_word' id='word_1_92' title='bbox 1169 882 1236 913; x_wconf 85' lang='lat' dir='ltr'><strong>est.</strong></span> <span class='ocrx_word' id='word_1_93' title='bbox 1297 875 1487 914; x_wconf 89' lang='lat' dir='ltr'><strong>Codicem</strong></span> 
     </span>
     <span class='ocr_line' id='line_1_12' title="bbox 165 939 1488 990; baseline 0.001 -13"><span class='ocrx_word' id='word_1_94' title='bbox 165 939 301 990; x_wconf 83' lang='lat' dir='ltr'><strong>legisse</strong></span> <span class='ocrx_word' id='word_1_95' title='bbox 329 939 556 979; x_wconf 82' lang='lat' dir='ltr'><strong>dicebatur:</strong></span> <span class='ocrx_word' id='word_1_96' title='bbox 585 939 825 978; x_wconf 87' lang='lat' dir='ltr'><strong>defendebat</strong></span> <span class='ocrx_word' id='word_1_97' title='bbox 845 939 1010 978; x_wconf 87' lang='lat' dir='ltr'><strong>testibus</strong></span> <span class='ocrx_word' id='word_1_98' title='bbox 1031 939 1204 989; x_wconf 89' lang='lat' dir='ltr'><strong>conlegis</strong></span> <span class='ocrx_word' id='word_1_99' title='bbox 1233 939 1310 977; x_wconf 88' lang='lat' dir='ltr'><strong>suis</strong></span> <span class='ocrx_word' id='word_1_100' title='bbox 1339 953 1418 978; x_wconf 88' lang='lat' dir='ltr'><strong>non</strong></span> <span class='ocrx_word' id='word_1_101' title='bbox 1448 953 1488 978; x_wconf 87' lang='lat' dir='ltr'><strong>se</strong></span> 
     </span>
     <span class='ocr_line' id='line_1_13' title="bbox 164 1004 1487 1054; baseline 0 -12"><span class='ocrx_word' id='word_1_102' title='bbox 164 1004 354 1043; x_wconf 87' lang='lat' dir='ltr'><strong>recitandi</strong></span> <span class='ocrx_word' id='word_1_103' title='bbox 370 1017 487 1042; x_wconf 79' lang='lat' dir='ltr'><strong>causa</strong></span> <span class='ocrx_word' id='word_1_104' title='bbox 501 1004 651 1054; x_wconf 82' lang='lat' dir='ltr'><strong>legisse,</strong></span> <span class='ocrx_word' id='word_1_105' title='bbox 669 1006 739 1043; x_wconf 87' lang='lat' dir='ltr'><strong>sed</strong></span> <span class='ocrx_word' id='word_1_106' title='bbox 754 1004 1075 1054; x_wconf 85' lang='lat' dir='ltr'><strong>recognoscendi.</strong></span> <span class='ocrx_word' id='word_1_107' title='bbox 1117 1004 1335 1043; x_wconf 79' lang='lat' dir='ltr'><strong>Constabat</strong></span> <span class='ocrx_word' id='word_1_108' title='bbox 1355 1012 1487 1043; x_wconf 90' lang='lat' dir='ltr'><strong>tamen</strong></span> 
     </span>
     <span class='ocr_line' id='line_1_14' title="bbox 165 1069 1484 1119; baseline -0.002 -10"><span class='ocrx_word' id='word_1_109' title='bbox 165 1069 393 1110; x_wconf 91' lang='lat' dir='ltr'><strong>Cornelium</strong></span> <span class='ocrx_word' id='word_1_110' title='bbox 410 1069 621 1108; x_wconf 92' lang='lat' dir='ltr'><strong>concilium</strong></span> <span class='ocrx_word' id='word_1_111' title='bbox 635 1069 702 1108; x_wconf 92' lang='lat' dir='ltr'><strong>illo</strong></span> <span class='ocrx_word' id='word_1_112' title='bbox 715 1070 780 1108; x_wconf 93' lang='lat' dir='ltr'><strong>die</strong></span> <span class='ocrx_word' id='word_1_113' title='bbox 796 1070 1000 1117; x_wconf 85' lang='lat' dir='ltr'><strong>dimisisse,</strong></span> <span class='ocrx_word' id='word_1_114' title='bbox 1016 1069 1284 1108; x_wconf 84' lang='lat' dir='ltr'><strong>intercessioni</strong></span> <span class='ocrx_word' id='word_1_115' title='bbox 1302 1070 1484 1119; x_wconf 87' lang='lat' dir='ltr'><strong>paruisse.</strong></span> 
     </span>
     <span class='ocr_line' id='line_1_15' title="bbox 163 1135 1487 1185; baseline 0.002 -13"><span class='ocrx_word' id='word_1_116' title='bbox 163 1137 226 1172; x_wconf 91' lang='lat' dir='ltr'><strong>Tu</strong></span> <span class='ocrx_word' id='word_1_117' title='bbox 258 1148 359 1182; x_wconf 85' lang='lat' dir='ltr'><strong>vero,</strong></span> <span class='ocrx_word' id='word_1_118' title='bbox 393 1135 455 1172; x_wconf 92' lang='lat' dir='ltr'><strong>cui</strong></span> <span class='ocrx_word' id='word_1_119' title='bbox 486 1135 644 1174; x_wconf 91' lang='lat' dir='ltr'><strong>Corneli</strong></span> <span class='ocrx_word' id='word_1_120' title='bbox 665 1135 844 1174; x_wconf 89' lang='lat' dir='ltr'><strong>defensio</strong></span> <span class='ocrx_word' id='word_1_121' title='bbox 874 1135 1064 1185; x_wconf 87' lang='lat' dir='ltr'><strong>displicet,</strong></span> <span class='ocrx_word' id='word_1_122' title='bbox 1097 1149 1215 1185; x_wconf 90' lang='lat' dir='ltr'><strong>quam</strong></span> <span class='ocrx_word' id='word_1_123' title='bbox 1249 1149 1404 1173; x_wconf 89' lang='lat' dir='ltr'><strong>causam</strong></span> <span class='ocrx_word' id='word_1_124' title='bbox 1437 1137 1487 1174; x_wconf 89' lang='lat' dir='ltr'><strong>ad</strong></span> 
     </span>
    </p>

    <p class='ocr_par' dir='ltr' id='par_1_5' title="bbox 107 1200 1527 1510">
     <span class='ocr_line' id='line_1_16' title="bbox 107 1200 1487 1250; baseline -0.001 -11"><span class='ocrx_word' id='word_1_125' title='bbox 107 1218 144 1249; x_wconf 83' lang='lat'><strong>15</strong></span> <span class='ocrx_word' id='word_1_126' title='bbox 165 1207 349 1250; x_wconf 87' lang='lat' dir='ltr'><strong>patronos</strong></span> <span class='ocrx_word' id='word_1_127' title='bbox 377 1207 465 1238; x_wconf 90' lang='lat' dir='ltr'><strong>tuos</strong></span> <span class='ocrx_word' id='word_1_128' title='bbox 491 1208 558 1238; x_wconf 89' lang='lat' dir='ltr'><strong>aut</strong></span> <span class='ocrx_word' id='word_1_129' title='bbox 578 1201 687 1250; x_wconf 92' lang='lat' dir='ltr'><strong>quod</strong></span> <span class='ocrx_word' id='word_1_130' title='bbox 714 1214 757 1238; x_wconf 88' lang='lat' dir='ltr'><strong>os</strong></span> <span class='ocrx_word' id='word_1_131' title='bbox 785 1201 967 1238; x_wconf 89' lang='lat' dir='ltr'><strong>adferes?</strong></span> <span class='ocrx_word' id='word_1_132' title='bbox 996 1200 1138 1250; x_wconf 90' lang='lat' dir='ltr'><strong>quibus</strong></span> <span class='ocrx_word' id='word_1_133' title='bbox 1160 1200 1235 1238; x_wconf 88' lang='lat' dir='ltr'><strong>iam</strong></span> <span class='ocrx_word' id='word_1_134' title='bbox 1258 1200 1487 1250; x_wconf 84' lang='lat' dir='ltr'><strong>praescribis</strong></span> 
     </span>
     <span class='ocr_line' id='line_1_17' title="bbox 164 1265 1486 1316; baseline 0 -13"><span class='ocrx_word' id='word_1_135' title='bbox 164 1274 313 1315; x_wconf 87' lang='lat' dir='ltr'><strong>quanto</strong></span> <span class='ocrx_word' id='word_1_136' title='bbox 332 1265 405 1304; x_wconf 87' lang='lat' dir='ltr'><strong>illis</strong></span> <span class='ocrx_word' id='word_1_137' title='bbox 427 1266 570 1316; x_wconf 92' lang='lat' dir='ltr'><strong>probro</strong></span> <span class='ocrx_word' id='word_1_138' title='bbox 586 1267 759 1304; x_wconf 91' lang='lat' dir='ltr'><strong>futurum</strong></span> <span class='ocrx_word' id='word_1_139' title='bbox 775 1265 823 1304; x_wconf 89' lang='lat' dir='ltr'><strong>sit</strong></span> <span class='ocrx_word' id='word_1_140' title='bbox 840 1267 870 1304; x_wconf 88' lang='lat' dir='ltr'><strong>si</strong></span> <span class='ocrx_word' id='word_1_141' title='bbox 887 1273 925 1304; x_wconf 90' lang='lat' dir='ltr'><strong>te</strong></span> <span class='ocrx_word' id='word_1_142' title='bbox 941 1265 1202 1312; x_wconf 85' lang='lat' dir='ltr'><strong>defenderint,</strong></span> <span class='ocrx_word' id='word_1_143' title='bbox 1218 1279 1307 1303; x_wconf 92' lang='lat' dir='ltr'><strong>cum</strong></span> <span class='ocrx_word' id='word_1_144' title='bbox 1330 1273 1370 1303; x_wconf 89' lang='lat' dir='ltr'><strong>tu</strong></span> <span class='ocrx_word' id='word_1_145' title='bbox 1392 1265 1486 1303; x_wconf 90' lang='lat' dir='ltr'><strong>mihi</strong></span> 
     </span>
     <span class='ocr_line' id='line_1_18' title="bbox 165 1330 1527 1380; baseline 0 -11"><span class='ocrx_word' id='word_1_146' title='bbox 165 1330 324 1370; x_wconf 87' lang='lat' dir='ltr'><strong>Corneli</strong></span> <span class='ocrx_word' id='word_1_147' title='bbox 345 1331 618 1370; x_wconf 89' lang='lat' dir='ltr'><strong>defensionem</strong></span> <span class='ocrx_word' id='word_1_148' title='bbox 639 1331 679 1369; x_wconf 90' lang='lat' dir='ltr'><strong>in</strong></span> <span class='ocrx_word' id='word_1_149' title='bbox 701 1331 918 1370; x_wconf 87' lang='lat' dir='ltr'><strong>maledictis</strong></span> <span class='ocrx_word' id='word_1_150' title='bbox 940 1330 1191 1369; x_wconf 86' lang='lat' dir='ltr'><strong>obiciendam</strong></span> <span class='ocrx_word' id='word_1_151' title='bbox 1212 1331 1370 1380; x_wconf 88' lang='lat' dir='ltr'><strong>putaris.</strong></span> <span class='ocrx_word' id='word_1_152' title='bbox 1428 1334 1487 1369; x_wconf 81' lang='lat' dir='ltr'><strong>Ac</strong></span> <span class='ocrx_word' id='word_1_153' title='bbox 1509 1337 1527 1368; x_wconf 91' lang='lat'><strong>6</strong></span> 
     </span>
     <span class='ocr_line' id='line_1_19' title="bbox 165 1395 1485 1446; baseline 0 -13"><span class='ocrx_word' id='word_1_154' title='bbox 165 1403 297 1434; x_wconf 91' lang='lat' dir='ltr'><strong>tamen</strong></span> <span class='ocrx_word' id='word_1_155' title='bbox 318 1397 405 1443; x_wconf 87' lang='lat' dir='ltr'><strong>hoc,</strong></span> <span class='ocrx_word' id='word_1_156' title='bbox 428 1396 572 1442; x_wconf 88' lang='lat' dir='ltr'><strong>Vatini,</strong></span> <span class='ocrx_word' id='word_1_157' title='bbox 596 1404 808 1444; x_wconf 87' lang='lat' dir='ltr'><strong>memento,</strong></span> <span class='ocrx_word' id='word_1_158' title='bbox 831 1397 949 1446; x_wconf 90' lang='lat' dir='ltr'><strong>paulo</strong></span> <span class='ocrx_word' id='word_1_159' title='bbox 970 1403 1059 1446; x_wconf 88' lang='lat' dir='ltr'><strong>post</strong></span> <span class='ocrx_word' id='word_1_160' title='bbox 1080 1395 1193 1434; x_wconf 87' lang='lat' dir='ltr'><strong>istam</strong></span> <span class='ocrx_word' id='word_1_161' title='bbox 1215 1395 1485 1434; x_wconf 86' lang='lat' dir='ltr'><strong>defensionem</strong></span> 
     </span>
     <span class='ocr_line' id='line_1_20' title="bbox 165 1459 1485 1510; baseline -0.001 -13"><span class='ocrx_word' id='word_1_162' title='bbox 165 1474 306 1506; x_wconf 91' lang='lat' dir='ltr'><strong>meam,</strong></span> <span class='ocrx_word' id='word_1_163' title='bbox 321 1474 439 1510; x_wconf 89' lang='lat' dir='ltr'><strong>quam</strong></span> <span class='ocrx_word' id='word_1_164' title='bbox 457 1467 498 1498; x_wconf 88' lang='lat' dir='ltr'><strong>tu</strong></span> <span class='ocrx_word' id='word_1_165' title='bbox 515 1460 628 1498; x_wconf 86' lang='lat' dir='ltr'><strong>bonis</strong></span> <span class='ocrx_word' id='word_1_166' title='bbox 643 1460 730 1498; x_wconf 88' lang='lat' dir='ltr'><strong>viris</strong></span> <span class='ocrx_word' id='word_1_167' title='bbox 747 1460 992 1510; x_wconf 87' lang='lat' dir='ltr'><strong>displicuisse</strong></span> <span class='ocrx_word' id='word_1_168' title='bbox 1008 1459 1117 1507; x_wconf 86' lang='lat' dir='ltr'><strong>dicis,</strong></span> <span class='ocrx_word' id='word_1_169' title='bbox 1134 1474 1196 1498; x_wconf 93' lang='lat' dir='ltr'><strong>me</strong></span> <span class='ocrx_word' id='word_1_170' title='bbox 1213 1473 1301 1497; x_wconf 91' lang='lat' dir='ltr'><strong>cum</strong></span> <span class='ocrx_word' id='word_1_171' title='bbox 1319 1460 1485 1498; x_wconf 80' lang='lat' dir='ltr'><strong>universi</strong></span> 
     </span>
    </p>

    <p class='ocr_par' dir='ltr' id='par_1_6' title="bbox 105 1525 1487 1834">
     <span class='ocr_line' id='line_1_21' title="bbox 105 1525 1487 1575; baseline 0 -12"><span class='ocrx_word' id='word_1_172' title='bbox 105 1547 145 1568; x_wconf 86' lang='lat'><strong>20</strong></span> <span class='ocrx_word' id='word_1_173' title='bbox 164 1525 298 1575; x_wconf 92' lang='lat' dir='ltr'><strong>populi</strong></span> <span class='ocrx_word' id='word_1_174' title='bbox 340 1525 510 1563; x_wconf 88' lang='lat' dir='ltr'><strong>Romani</strong></span> <span class='ocrx_word' id='word_1_175' title='bbox 549 1539 703 1563; x_wconf 87' lang='lat' dir='ltr'><strong>summa</strong></span> <span class='ocrx_word' id='word_1_176' title='bbox 741 1527 940 1563; x_wconf 88' lang='lat' dir='ltr'><strong>voluntate</strong></span> <span class='ocrx_word' id='word_1_177' title='bbox 989 1533 1071 1562; x_wconf 87' lang='lat' dir='ltr'><strong>tum</strong></span> <span class='ocrx_word' id='word_1_178' title='bbox 1118 1525 1255 1575; x_wconf 83' lang='lat' dir='ltr'><strong>optimi</strong></span> <span class='ocrx_word' id='word_1_179' title='bbox 1297 1525 1487 1574; x_wconf 89' lang='lat' dir='ltr'><strong>cuiusque</strong></span> 
     </span>
     <span class='ocr_line' id='line_1_22' title="bbox 163 1589 1484 1640; baseline -0.001 -13"><span class='ocrx_word' id='word_1_180' title='bbox 163 1589 346 1639; x_wconf 87' lang='lat' dir='ltr'><strong>singulari</strong></span> <span class='ocrx_word' id='word_1_181' title='bbox 366 1590 498 1628; x_wconf 91' lang='lat' dir='ltr'><strong>studio</strong></span> <span class='ocrx_word' id='word_1_182' title='bbox 518 1590 903 1640; x_wconf 85' lang='lat' dir='ltr'><strong>magnificentissime</strong></span> <span class='ocrx_word' id='word_1_183' title='bbox 919 1597 1007 1640; x_wconf 83' lang='lat' dir='ltr'><strong>post</strong></span> <span class='ocrx_word' id='word_1_184' title='bbox 1028 1590 1235 1628; x_wconf 91' lang='lat' dir='ltr'><strong>hominum</strong></span> <span class='ocrx_word' id='word_1_185' title='bbox 1256 1590 1484 1627; x_wconf 88' lang='lat' dir='ltr'><strong>memoriam</strong></span> 
     </span>
     <span class='ocr_line' id='line_1_23' title="bbox 162 1654 1486 1704; baseline -0.002 -11"><span class='ocrx_word' id='word_1_186' title='bbox 162 1656 365 1693; x_wconf 90' lang='lat' dir='ltr'><strong>consulem</strong></span> <span class='ocrx_word' id='word_1_187' title='bbox 393 1657 550 1701; x_wconf 90' lang='lat' dir='ltr'><strong>factum,</strong></span> <span class='ocrx_word' id='word_1_188' title='bbox 573 1655 786 1704; x_wconf 85' lang='lat' dir='ltr'><strong>omniaque</strong></span> <span class='ocrx_word' id='word_1_189' title='bbox 814 1668 859 1692; x_wconf 90' lang='lat' dir='ltr'><strong>ea</strong></span> <span class='ocrx_word' id='word_1_190' title='bbox 886 1668 949 1692; x_wconf 93' lang='lat' dir='ltr'><strong>me</strong></span> <span class='ocrx_word' id='word_1_191' title='bbox 976 1655 1170 1703; x_wconf 86' lang='lat' dir='ltr'><strong>pudenter</strong></span> <span class='ocrx_word' id='word_1_192' title='bbox 1199 1654 1368 1692; x_wconf 87' lang='lat' dir='ltr'><strong>vivendo</strong></span> <span class='ocrx_word' id='word_1_193' title='bbox 1397 1667 1486 1692; x_wconf 90' lang='lat' dir='ltr'><strong>con-</strong></span> 
     </span>
     <span class='ocr_line' id='line_1_24' title="bbox 163 1718 1486 1770; baseline 0 -13"><span class='ocrx_word' id='word_1_194' title='bbox 163 1727 341 1757; x_wconf 86' lang='lat' dir='ltr'><strong>secutum</strong></span> <span class='ocrx_word' id='word_1_195' title='bbox 374 1733 458 1758; x_wconf 87' lang='lat' dir='ltr'><strong>esse</strong></span> <span class='ocrx_word' id='word_1_196' title='bbox 490 1733 590 1769; x_wconf 88' lang='lat' dir='ltr'><strong>quae</strong></span> <span class='ocrx_word' id='word_1_197' title='bbox 625 1727 666 1758; x_wconf 90' lang='lat' dir='ltr'><strong>tu</strong></span> <span class='ocrx_word' id='word_1_198' title='bbox 699 1719 948 1770; x_wconf 89' lang='lat' dir='ltr'><strong>impudenter</strong></span> <span class='ocrx_word' id='word_1_199' title='bbox 979 1718 1231 1756; x_wconf 79' lang='lat' dir='ltr'><strong>vaticinando</strong></span> <span class='ocrx_word' id='word_1_200' title='bbox 1266 1731 1418 1768; x_wconf 87' lang='lat' dir='ltr'><strong>sperare</strong></span> <span class='ocrx_word' id='word_1_201' title='bbox 1449 1726 1486 1757; x_wconf 89' lang='lat' dir='ltr'><strong>te</strong></span> 
     </span>
     <span class='ocr_line' id='line_1_25' title="bbox 163 1784 439 1834; baseline -0.004 -12"><span class='ocrx_word' id='word_1_202' title='bbox 163 1798 280 1834; x_wconf 83' lang='lat' dir='ltr'><strong>saepe</strong></span> <span class='ocrx_word' id='word_1_203' title='bbox 300 1784 439 1823; x_wconf 88' lang='lat' dir='ltr'><strong>dixisti.</strong></span> 
     </span>
    </p>

    <p class='ocr_par' dir='ltr' id='par_1_7' title="bbox 104 1849 1529 2162">
     <span class='ocr_line' id='line_1_26' title="bbox 104 1849 1529 1899; baseline -0.002 -10"><span class='ocrx_word' id='word_1_204' title='bbox 104 1868 144 1899; x_wconf 82' lang='lat'><strong>25</strong></span> <span class='ocrx_word' id='word_1_205' title='bbox 219 1851 322 1887; x_wconf 89' lang='lat' dir='ltr'><strong>Nam</strong></span> <span class='ocrx_word' id='word_1_206' title='bbox 337 1851 445 1899; x_wconf 90' lang='lat' dir='ltr'><strong>quod</strong></span> <span class='ocrx_word' id='word_1_207' title='bbox 458 1849 554 1888; x_wconf 90' lang='lat' dir='ltr'><strong>mihi</strong></span> <span class='ocrx_word' id='word_1_208' title='bbox 571 1850 788 1889; x_wconf 88' lang='lat' dir='ltr'><strong>discessum</strong></span> <span class='ocrx_word' id='word_1_209' title='bbox 805 1850 983 1889; x_wconf 90' lang='lat' dir='ltr'><strong>obiecisti</strong></span> <span class='ocrx_word' id='word_1_210' title='bbox 999 1863 1143 1897; x_wconf 85' lang='lat' dir='ltr'><strong>meum,</strong></span> <span class='ocrx_word' id='word_1_211' title='bbox 1158 1856 1196 1887; x_wconf 88' lang='lat' dir='ltr'><strong>et</strong></span> <span class='ocrx_word' id='word_1_212' title='bbox 1212 1850 1320 1899; x_wconf 92' lang='lat' dir='ltr'><strong>quod</strong></span> <span class='ocrx_word' id='word_1_213' title='bbox 1333 1850 1483 1896; x_wconf 86' lang='lat' dir='ltr'><strong>horum,</strong></span> <span class='ocrx_word' id='word_1_214' title='bbox 1507 1858 1529 1894; x_wconf 90' lang='lat'><strong>3</strong></span> 
     </span>
     <span class='ocr_line' id='line_1_27' title="bbox 163 1915 1483 1966; baseline 0.001 -13"><span class='ocrx_word' id='word_1_215' title='bbox 163 1915 307 1964; x_wconf 91' lang='lat' dir='ltr'><strong>quibus</strong></span> <span class='ocrx_word' id='word_1_216' title='bbox 328 1915 392 1955; x_wconf 92' lang='lat' dir='ltr'><strong>ille</strong></span> <span class='ocrx_word' id='word_1_217' title='bbox 416 1916 500 1955; x_wconf 89' lang='lat' dir='ltr'><strong>dies</strong></span> <span class='ocrx_word' id='word_1_218' title='bbox 526 1917 801 1955; x_wconf 86' lang='lat' dir='ltr'><strong>acerbissimus</strong></span> <span class='ocrx_word' id='word_1_219' title='bbox 828 1917 899 1955; x_wconf 89' lang='lat' dir='ltr'><strong>fuit</strong></span> <span class='ocrx_word' id='word_1_220' title='bbox 924 1916 990 1966; x_wconf 88' lang='lat' dir='ltr'><strong>qui</strong></span> <span class='ocrx_word' id='word_1_221' title='bbox 1018 1916 1124 1955; x_wconf 90' lang='lat' dir='ltr'><strong>idem</strong></span> <span class='ocrx_word' id='word_1_222' title='bbox 1149 1916 1219 1954; x_wconf 90' lang='lat' dir='ltr'><strong>tibi</strong></span> <span class='ocrx_word' id='word_1_223' title='bbox 1240 1915 1483 1963; x_wconf 85' lang='lat' dir='ltr'><strong>laetissimus,</strong></span> 
     </span>
     <span class='ocr_line' id='line_1_28' title="bbox 162 1980 1486 2032; baseline 0.002 -15"><span class='ocrx_word' id='word_1_224' title='bbox 162 1981 312 2018; x_wconf 89' lang='lat' dir='ltr'><strong>luctum</strong></span> <span class='ocrx_word' id='word_1_225' title='bbox 333 1989 371 2019; x_wconf 87' lang='lat' dir='ltr'><strong>et</strong></span> <span class='ocrx_word' id='word_1_226' title='bbox 389 1981 579 2032; x_wconf 86' lang='lat' dir='ltr'><strong>gemitum</strong></span> <span class='ocrx_word' id='word_1_227' title='bbox 600 1995 786 2020; x_wconf 88' lang='lat' dir='ltr'><strong>renovare</strong></span> <span class='ocrx_word' id='word_1_228' title='bbox 806 1982 973 2028; x_wconf 91' lang='lat' dir='ltr'><strong>voluisti,</strong></span> <span class='ocrx_word' id='word_1_229' title='bbox 997 1987 1149 2018; x_wconf 87' lang='lat' dir='ltr'><strong>tantum</strong></span> <span class='ocrx_word' id='word_1_230' title='bbox 1172 1980 1241 2018; x_wconf 90' lang='lat' dir='ltr'><strong>tibi</strong></span> <span class='ocrx_word' id='word_1_231' title='bbox 1266 1982 1486 2029; x_wconf 84' lang='lat' dir='ltr'><strong>respondeo</strong></span> 
     </span>
     <span class='ocr_line' id='line_1_29' title="bbox 163 2047 1481 2097; baseline -0.002 -14"><span class='ocrx_word' id='word_1_232' title='bbox 163 2059 236 2092; x_wconf 90' lang='lat' dir='ltr'><strong>me,</strong></span> <span class='ocrx_word' id='word_1_233' title='bbox 255 2059 347 2084; x_wconf 91' lang='lat' dir='ltr'><strong>cum</strong></span> <span class='ocrx_word' id='word_1_234' title='bbox 367 2053 410 2084; x_wconf 92' lang='lat' dir='ltr'><strong>tu</strong></span> <span class='ocrx_word' id='word_1_235' title='bbox 431 2054 662 2097; x_wconf 86' lang='lat' dir='ltr'><strong>ceteraeque</strong></span> <span class='ocrx_word' id='word_1_236' title='bbox 682 2047 735 2085; x_wconf 91' lang='lat' dir='ltr'><strong>rei</strong></span> <span class='ocrx_word' id='word_1_237' title='bbox 757 2047 938 2097; x_wconf 88' lang='lat' dir='ltr'><strong>publicae</strong></span> <span class='ocrx_word' id='word_1_238' title='bbox 959 2053 1088 2096; x_wconf 86' lang='lat' dir='ltr'><strong>pestes</strong></span> <span class='ocrx_word' id='word_1_239' title='bbox 1109 2058 1305 2082; x_wconf 89' lang='lat' dir='ltr'><strong>armorum</strong></span> <span class='ocrx_word' id='word_1_240' title='bbox 1327 2058 1481 2082; x_wconf 85' lang='lat' dir='ltr'><strong>causam</strong></span> 
     </span>
     <span class='ocr_line' id='line_1_30' title="bbox 162 2109 1482 2162; baseline -0.002 -14"><span class='ocrx_word' id='word_1_241' title='bbox 162 2111 409 2160; x_wconf 90' lang='lat' dir='ltr'><strong>quaereretis,</strong></span> <span class='ocrx_word' id='word_1_242' title='bbox 432 2119 470 2151; x_wconf 92' lang='lat' dir='ltr'><strong>et</strong></span> <span class='ocrx_word' id='word_1_243' title='bbox 495 2126 584 2150; x_wconf 89' lang='lat' dir='ltr'><strong>curn</strong></span> <span class='ocrx_word' id='word_1_244' title='bbox 606 2126 674 2162; x_wconf 91' lang='lat' dir='ltr'><strong>per</strong></span> <span class='ocrx_word' id='word_1_245' title='bbox 698 2126 830 2150; x_wconf 88' lang='lat' dir='ltr'><strong>meum</strong></span> <span class='ocrx_word' id='word_1_246' title='bbox 858 2125 1005 2149; x_wconf 88' lang='lat' dir='ltr'><strong>nomen</strong></span> <span class='ocrx_word' id='word_1_247' title='bbox 1035 2111 1208 2149; x_wconf 90' lang='lat' dir='ltr'><strong>fortunas</strong></span> <span class='ocrx_word' id='word_1_248' title='bbox 1230 2109 1482 2159; x_wconf 89' lang='lat' dir='ltr'><strong>locupletium</strong></span> 
     </span>
    </p>

    <p class='ocr_par' dir='ltr' id='par_1_8' title="bbox 105 2174 1484 2291">
     <span class='ocr_line' id='line_1_31' title="bbox 105 2174 1484 2227; baseline -0.002 -13"><span class='ocrx_word' id='word_1_249' title='bbox 105 2193 144 2223; x_wconf 84' lang='lat'><strong>30</strong></span> <span class='ocrx_word' id='word_1_250' title='bbox 162 2174 340 2225; x_wconf 87' lang='lat' dir='ltr'><strong>diripere,</strong></span> <span class='ocrx_word' id='word_1_251' title='bbox 372 2177 601 2227; x_wconf 88' lang='lat' dir='ltr'><strong>sanguinem</strong></span> <span class='ocrx_word' id='word_1_252' title='bbox 632 2177 853 2227; x_wconf 89' lang='lat' dir='ltr'><strong>principum</strong></span> <span class='ocrx_word' id='word_1_253' title='bbox 883 2176 1047 2214; x_wconf 86' lang='lat' dir='ltr'><strong>civitatis</strong></span> <span class='ocrx_word' id='word_1_254' title='bbox 1078 2175 1294 2220; x_wconf 79' lang='lat' dir='ltr'><strong>exsorbere,</strong></span> <span class='ocrx_word' id='word_1_255' title='bbox 1324 2174 1484 2212; x_wconf 85' lang='lat' dir='ltr'><strong>crudeli-</strong></span> 
     </span>
     <span class='ocr_line' id='line_1_32' title="bbox 162 2238 1482 2291; baseline -0.002 -14"><span class='ocrx_word' id='word_1_256' title='bbox 162 2247 282 2278; x_wconf 89' lang='lat' dir='ltr'><strong>tatem</strong></span> <span class='ocrx_word' id='word_1_257' title='bbox 317 2249 484 2280; x_wconf 87' lang='lat' dir='ltr'><strong>vestram</strong></span> <span class='ocrx_word' id='word_1_258' title='bbox 519 2242 735 2291; x_wconf 88' lang='lat' dir='ltr'><strong>odiumque</strong></span> <span class='ocrx_word' id='word_1_259' title='bbox 769 2243 997 2280; x_wconf 89' lang='lat' dir='ltr'><strong>diuturnum</strong></span> <span class='ocrx_word' id='word_1_260' title='bbox 1030 2241 1137 2290; x_wconf 89' lang='lat' dir='ltr'><strong>quod</strong></span> <span class='ocrx_word' id='word_1_261' title='bbox 1174 2241 1211 2276; x_wconf 87' lang='lat' dir='ltr'><strong>in</strong></span> <span class='ocrx_word' id='word_1_262' title='bbox 1248 2239 1372 2276; x_wconf 87' lang='lat' dir='ltr'><strong>bonos</strong></span> <span class='ocrx_word' id='word_1_263' title='bbox 1408 2238 1482 2275; x_wconf 88' lang='lat' dir='ltr'><strong>iam</strong></span> 
     </span>
    </p>
   </div>
   <div class='ocr_carea' id='block_1_3' title="bbox 166 2341 1482 2471">
    <p class='ocr_par' dir='ltr' id='par_1_9' title="bbox 166 2341 1482 2471">
     <span class='ocr_line' id='line_1_33' title="bbox 210 2341 1479 2376; baseline -0.001 -4"><span class='ocrx_word' id='word_1_264' title='bbox 210 2353 243 2372; x_wconf 92' lang='lat'><strong>11</strong></span> <span class='ocrx_word' id='word_1_265' title='bbox 271 2343 474 2376; x_wconf 88' lang='lat' dir='ltr'><strong>defendebat</strong></span> <span class='ocrx_word' id='word_1_266' title='bbox 491 2345 604 2376; x_wconf 83' lang='lat' dir='ltr'><strong>Madv.</strong></span> <span class='ocrx_word' id='word_1_267' title='bbox 624 2357 629 2375; x_wconf 75' lang='grc' dir='ltr'><em>τ</em></span> <span class='ocrx_word' id='word_1_268' title='bbox 653 2345 897 2376; x_wconf 84' lang='lat' dir='ltr'><strong>defendebatur</strong></span> <span class='ocrx_word' id='word_1_269' title='bbox 914 2344 1002 2375; x_wconf 82' lang='lat' dir='ltr'><strong>codd.</strong></span> <span class='ocrx_word' id='word_1_270' title='bbox 1113 2354 1149 2373; x_wconf 86' lang='lat' dir='ltr'><strong>sc</strong></span> <span class='ocrx_word' id='word_1_271' title='bbox 1167 2354 1232 2374; x_wconf 84' lang='lat' dir='ltr'><em>011l.</em></span> <span class='ocrx_word' id='word_1_272' title='bbox 1251 2354 1267 2372; x_wconf 54' lang='lat' dir='ltr'><strong>:a</strong></span> <span class='ocrx_word' id='word_1_273' title='bbox 1284 2341 1381 2372; x_wconf 77' lang='lat' dir='ltr'><strong>Harl.</strong></span> <span class='ocrx_word' id='word_1_274' title='bbox 1400 2343 1479 2371; x_wconf 79' lang='lat'><em>2681</em></span> 
     </span>
     <span class='ocr_line' id='line_1_34' title="bbox 166 2387 1482 2426; baseline -0.002 -9"><span class='ocrx_word' id='word_1_275' title='bbox 166 2396 203 2421; x_wconf 88' lang='lat'><strong>17</strong></span> <span class='ocrx_word' id='word_1_276' title='bbox 229 2387 279 2418; x_wconf 85' lang='lat' dir='ltr'><strong>Ac</strong></span> <span class='ocrx_word' id='word_1_277' title='bbox 298 2387 363 2419; x_wconf 75' lang='lat' dir='ltr'><strong>Pl:</strong></span> <span class='ocrx_word' id='word_1_278' title='bbox 387 2394 419 2419; x_wconf 84' lang='lat' dir='ltr'><strong>at</strong></span> <span class='ocrx_word' id='word_1_279' title='bbox 436 2388 480 2419; x_wconf 69' lang='lat'><strong>1³⁷²</strong></span> <span class='ocrx_word' id='word_1_280' title='bbox 497 2388 560 2420; x_wconf 80' lang='lat' dir='ltr'><strong>rell.</strong></span> <span class='ocrx_word' id='word_1_281' title='bbox 697 2399 736 2418; x_wconf 82' lang='lat'><strong>22</strong></span> <span class='ocrx_word' id='word_1_282' title='bbox 762 2399 799 2418; x_wconf 85' lang='lat' dir='ltr'><strong>ea</strong></span> <span class='ocrx_word' id='word_1_283' title='bbox 817 2393 845 2418; x_wconf 80' lang='lat' dir='ltr'><strong>et</strong></span> <span class='ocrx_word' id='word_1_284' title='bbox 861 2398 901 2426; x_wconf 80' lang='lat'><strong>23</strong></span> <span class='ocrx_word' id='word_1_285' title='bbox 921 2398 996 2418; x_wconf 86' lang='lat' dir='ltr'><strong>esse</strong></span> <span class='ocrx_word' id='word_1_286' title='bbox 1013 2398 1079 2418; x_wconf 78' lang='lat'><em>0111.</em></span> <span class='ocrx_word' id='word_1_287' title='bbox 1099 2387 1204 2417; x_wconf 69' lang='lat' dir='ltr'><strong>schol.</strong></span> <span class='ocrx_word' id='word_1_288' title='bbox 1365 2396 1404 2423; x_wconf 82' lang='lat'><strong>27</strong></span> <span class='ocrx_word' id='word_1_289' title='bbox 1433 2396 1482 2415; x_wconf 87' lang='lat' dir='ltr'><strong>rc-</strong></span> 
     </span>
     <span class='ocr_line' id='line_1_35' title="bbox 166 2430 1242 2471; baseline -0.002 -10"><span class='ocrx_word' id='word_1_290' title='bbox 166 2431 340 2470; x_wconf 82' lang='lat' dir='ltr'><strong>spondebo</strong></span> <span class='ocrx_word' id='word_1_291' title='bbox 360 2431 388 2461; x_wconf 88' lang='lat' dir='ltr'><strong><em>G</em></strong></span> <span class='ocrx_word' id='word_1_292' title='bbox 518 2442 559 2470; x_wconf 84' lang='lat'><strong>30</strong></span> <span class='ocrx_word' id='word_1_293' title='bbox 585 2432 772 2470; x_wconf 82' lang='lat' dir='ltr'><strong>principum</strong></span> <span class='ocrx_word' id='word_1_294' title='bbox 790 2431 829 2460; x_wconf 90' lang='lat' dir='ltr'><em>H</em></span> <span class='ocrx_word' id='word_1_295' title='bbox 843 2431 897 2461; x_wconf 86' lang='lat' dir='ltr'><strong>all.</strong></span> <span class='ocrx_word' id='word_1_296' title='bbox 918 2431 1006 2471; x_wconf 58' lang='lat' dir='ltr'><strong>(prin</strong></span> <span class='ocrx_word' id='word_1_297' title='bbox 1025 2431 1082 2470; x_wconf 64' lang='grc' dir='ltr'><strong>ΡΙ)</strong></span> <span class='ocrx_word' id='word_1_298' title='bbox 1102 2441 1168 2460; x_wconf 84' lang='lat' dir='ltr'><strong>om.</strong></span> <span class='ocrx_word' id='word_1_299' title='bbox 1187 2430 1242 2459; x_wconf 87' lang='grc' dir='ltr'><strong>ΒΣ</strong></span> 
     </span>
    </p>
   </div>
   <div class='ocr_carea' id='block_1_4' title="bbox 207 2494 1373 2527">
    <p class='ocr_par' dir='ltr' id='par_1_10' title="bbox 207 2494 1373 2527">
     <span class='ocr_line' id='line_1_36' title="bbox 207 2494 1373 2527; baseline 0.002 -2"><span class='ocrx_word' id='word_1_300' title='bbox 207 2506 268 2527; x_wconf 89' lang='lat' dir='ltr'><strong>c1c.</strong></span> <span class='ocrx_word' id='word_1_301' title='bbox 287 2507 405 2527; x_wconf 54' lang='lat' dir='ltr'><strong>varix.</strong></span> <span class='ocrx_word' id='word_1_302' title='bbox 1317 2494 1373 2523; x_wconf 64' lang='lat'><strong>14*</strong></span> 
     </span>
    </p>
   </div>
  </div>
 </body>
</html>
