1774 2782
513 701 580 747 M.
633 700 845 747 TVLLI
901 700 1300 748 CICERONIS

284 840 572 888 ORATIO
624 840 771 887 CVM
823 839 1146 887 SENATVI
1199 840 1527 888 GRATIAS

814 924 991 971 EGIT

292 1054 345 1100 SI,
382 1061 508 1103 patres
549 1053 769 1103 conscripti,
811 1066 880 1103 pro
919 1052 1055 1091 vestris
1097 1052 1383 1091 immortalibus
1424 1052 1462 1090 in
1504 1045 1604 1091 meI

238 1120 473 1168 fratremque
505 1132 636 1157 meum
672 1119 894 1168 liberosque
924 1127 1078 1157 nostros
1110 1118 1256 1156 meritis
1287 1132 1422 1168 parum
1455 1119 1565 1156 vobis
1592 1103 1603 1124 Ι

238 1186 435 1223 cumulate
455 1184 595 1234 gratias
612 1197 737 1233 egero,
757 1197 904 1233 quaeso
926 1184 1180 1233 obtestorque
1202 1197 1251 1221 ne
1274 1197 1383 1222 meae
1407 1191 1566 1221 naturae

238 1250 367 1300 potius
389 1263 507 1299 quam
530 1248 788 1298 magnitudini
806 1256 1021 1287 vestrorum
1038 1248 1319 1287 beneficiorum
1335 1248 1375 1287 id
1399 1249 1567 1287 tribuen-

200 1332 215 1363 5
237 1317 332 1354 dum
347 1314 501 1364 putetis.
540 1316 653 1362 Quae
669 1322 776 1351 tanta
789 1314 893 1352 enim
909 1322 1037 1364 potest
1053 1313 1234 1352 exsistere
1251 1313 1406 1351 ubertas
1421 1313 1565 1363 ingeni,

237 1394 338 1431 quae
359 1387 466 1418 tanta
486 1379 644 1418 dicendi
666 1379 790 1428 copia,
815 1380 923 1428 quod
952 1387 1030 1416 tam
1057 1378 1236 1417 divinum
1267 1386 1385 1428 atque
1410 1379 1570 1417 incredi-

239 1445 314 1484 bile
345 1459 468 1495 genus
508 1443 704 1490 orationis,
743 1458 822 1493 quo
858 1444 1065 1494 quisquam
1105 1444 1227 1494 possit
1265 1452 1390 1482 vestra
1426 1444 1464 1481 in
1499 1458 1570 1483 nos

237 1511 415 1548 universa
445 1509 654 1559 promerita
683 1523 764 1547 non
797 1509 927 1547 dicam
960 1509 1170 1559 complecti
1203 1511 1364 1556 orando,
1395 1511 1463 1548 sed
1491 1523 1572 1559 per-

237 1590 395 1614 censere
430 1577 705 1613 numerando?
754 1575 820 1625 qui
858 1574 953 1612 mihi
986 1576 1140 1612 fratrem
1176 1575 1476 1624 optatissimum,
1509 1589 1571 1613 me

183 1659 217 1680 10
237 1641 341 1679 fratri
362 1640 643 1687 amantissimo,
662 1640 793 1678 liberis
816 1640 957 1678 nostris
981 1648 1172 1691 parentes,
1195 1640 1310 1678 nobis
1333 1640 1485 1686 liberos,
1505 1639 1570 1689 qui

237 1706 477 1756 dignitatem,
502 1706 567 1756 qui
590 1706 780 1753 ordinem,
801 1706 866 1756 qui
890 1708 1075 1753 fortunas,
1097 1706 1162 1756 qui
1187 1705 1467 1755 amplissimam
1491 1718 1570 1743 rem

236 1771 450 1821 publicam,
470 1771 536 1821 qui
557 1772 732 1821 patriam,
757 1786 833 1821 qua
861 1772 957 1809 nihil
987 1779 1116 1821 potest
1144 1784 1228 1809 esse
1260 1770 1480 1816 iucundius,
1506 1770 1571 1819 qui

236 1836 408 1886 denique
436 1844 589 1875 nosmet
617 1836 723 1886 ipsos
750 1836 865 1875 nobis
895 1836 1129 1875 reddidistis.
1195 1837 1317 1884 Quod
1340 1836 1370 1874 si
1392 1843 1572 1885 parentes
1595 1855 1608 1876 2

237 1901 457 1939 carissimos
490 1902 633 1939 habere
662 1902 867 1949 debemus,
897 1903 1006 1951 quod
1039 1903 1088 1940 ab
1124 1901 1169 1939 iis
1201 1901 1316 1939 nobis
1344 1901 1431 1947 vita,
1462 1901 1573 1951 patri-

177 1982 214 2013 15
238 1966 426 2013 monium,
466 1966 632 2013 libertas,
676 1967 810 2005 civitas
843 1967 983 2005 tradita
1022 1975 1091 2007 est.
1123 1966 1154 2004 si
1191 1968 1287 2005 deos
1330 1966 1570 2007 immortalis,

236 2045 403 2081 quorum
435 2032 629 2071 beneficio
660 2040 697 2071 et
729 2035 825 2071 haec
854 2033 1052 2071 tenuimus
1083 2041 1119 2071 et
1153 2032 1290 2071 ceteris
1325 2033 1440 2070 rebus
1468 2031 1570 2069 aucti

235 2110 380 2144 sumus,
397 2097 426 2135 si
441 2100 631 2148 populum
652 2101 890 2146 Romanum,
912 2100 1022 2137 cuius
1040 2098 1256 2136 honoribus
1274 2097 1311 2135 in
1330 2097 1571 2147 amplissimo

235 2162 399 2200 consilio
420 2171 458 2201 et
479 2163 518 2200 in
539 2164 729 2202 altissimo
750 2166 872 2214 gradu
891 2165 1090 2215 dignitatis
1108 2173 1227 2214 atque
1246 2163 1283 2201 in
1304 2165 1378 2201 hac
1394 2163 1570 2200 omnium

235 2234 420 2265 terrarum
451 2242 539 2266 arce
569 2230 765 2267 conlocati
793 2244 939 2277 sumus,
968 2230 997 2268 si
1028 2231 1134 2268 hunc
1164 2230 1291 2280 ipsum
1329 2229 1518 2274 ordinem,
1550 2242 1570 2265 a

176 2309 216 2331 20
235 2306 314 2342 quo
339 2306 455 2343 saepe
484 2295 880 2344 magnificentissimis
909 2295 1075 2334 decretis
1102 2309 1237 2333 sumus
1272 2293 1478 2341 honestati,
1503 2293 1568 2330 im-

277 2407 295 2434 4
323 2396 353 2426 id
371 2397 445 2428 trib.
465 2397 574 2428 HGbk
588 2402 617 2428 et
628 2398 709 2438 pler.
728 2410 733 2428 :
759 2398 876 2430 adtrib.
895 2398 999 2430 ΡΒΣε
1104 2410 1120 2438 7
1146 2404 1259 2439 posset
1279 2399 1335 2429 G¹e
1440 2409 1460 2437 9
1486 2408 1557 2428 enu-

233 2440 394 2470 merando
412 2440 462 2470 b²s
596 2451 633 2471 12
657 2453 721 2481 qua
738 2466 745 2473 .
770 2467 776 2473 .
797 2467 803 2473 .
822 2442 999 2473 iucundius
1017 2453 1041 2472 5.
1060 2442 1079 2474 l.
1100 2442 1146 2473 Ρ2

1416 2518 1450 2548 1*
