<?xml version="1.0" encoding="UTF-8"?>
<!DOCTYPE html PUBLIC "-//W3C//DTD XHTML 1.0 Transitional//EN"
    "http://www.w3.org/TR/xhtml1/DTD/xhtml1-transitional.dtd">
<html xmlns="http://www.w3.org/1999/xhtml" xml:lang="en" lang="en">
 <head>
  <title>
</title>
<meta http-equiv="Content-Type" content="text/html;charset=utf-8" />
  <meta name='ocr-system' content='tesseract 3.04.00' />
  <meta name='ocr-capabilities' content='ocr_page ocr_carea ocr_par ocr_line ocrx_word'/>
</head>
<body>
  <div class='ocr_page' id='page_1' title='image "./orationesrecogno05ciceuoft/orationesrecogno05ciceuoft_0213.png"; bbox 0 0 1774 2782; ppageno 0'>
   <div class='ocr_carea' id='block_1_1' title="bbox 142 527 159 558">
    <p class='ocr_par' dir='ltr' id='par_1_1' title="bbox 142 527 159 558">
     <span class='ocr_line' id='line_1_1' title="bbox 142 527 159 558; baseline 0 0"><span class='ocrx_word' id='word_1_1' title='bbox 142 527 159 558; x_wconf 88' lang='grc'>5</span> 
     </span>
    </p>
   </div>
   <div class='ocr_carea' id='block_1_2' title="bbox 123 854 160 877">
    <p class='ocr_par' dir='ltr' id='par_1_2' title="bbox 123 854 160 877">
     <span class='ocr_line' id='line_1_2' title="bbox 123 854 160 877; baseline 0.054 -2"><span class='ocrx_word' id='word_1_2' title='bbox 123 854 160 877; x_wconf 85' lang='lat'>10</span> 
     </span>
    </p>
   </div>
   <div class='ocr_carea' id='block_1_3' title="bbox 118 1177 155 1209">
    <p class='ocr_par' dir='ltr' id='par_1_3' title="bbox 118 1177 155 1209">
     <span class='ocr_line' id='line_1_3' title="bbox 118 1177 155 1209; baseline 0 0"><span class='ocrx_word' id='word_1_3' title='bbox 118 1177 155 1209; x_wconf 89' lang='lat'>¹5</span> 
     </span>
    </p>
   </div>
   <div class='ocr_carea' id='block_1_4' title="bbox 117 1501 155 1522">
    <p class='ocr_par' dir='ltr' id='par_1_4' title="bbox 117 1501 155 1522">
     <span class='ocr_line' id='line_1_4' title="bbox 117 1501 155 1522; baseline 0 0"><span class='ocrx_word' id='word_1_4' title='bbox 117 1501 155 1522; x_wconf 86' lang='lat'>20</span> 
     </span>
    </p>
   </div>
   <div class='ocr_carea' id='block_1_5' title="bbox 112 2152 152 2183">
    <p class='ocr_par' dir='ltr' id='par_1_5' title="bbox 112 2152 152 2183">
     <span class='ocr_line' id='line_1_5' title="bbox 112 2152 152 2183; baseline 0 -9"><span class='ocrx_word' id='word_1_5' title='bbox 112 2152 152 2183; x_wconf 80' lang='grc'>30</span> 
     </span>
    </p>
   </div>
   <div class='ocr_carea' id='block_1_6' title="bbox 520 143 1508 191">
    <p class='ocr_par' dir='ltr' id='par_1_6' title="bbox 520 143 1508 191">
     <span class='ocr_line' id='line_1_6' title="bbox 520 143 1508 191; baseline 0.003 -13"><span class='ocrx_word' id='word_1_6' title='bbox 520 143 627 181; x_wconf 82' lang='lat' dir='ltr'>PRO</span> <span class='ocrx_word' id='word_1_7' title='bbox 662 145 700 181; x_wconf 88' lang='lat' dir='ltr'>P.</span> <span class='ocrx_word' id='word_1_8' title='bbox 734 144 925 182; x_wconf 84' lang='lat' dir='ltr'>SESTIO</span> <span class='ocrx_word' id='word_1_9' title='bbox 956 144 1170 182; x_wconf 67' lang='lat' dir='ltr'>ORATIO</span> <span class='ocrx_word' id='word_1_10' title='bbox 1454 145 1508 191; x_wconf 88' lang='lat'>67</span> 
     </span>
    </p>
   </div>
   <div class='ocr_carea' id='block_1_7' title="bbox 170 250 1506 2188">
    <p class='ocr_par' dir='ltr' id='par_1_7' title="bbox 178 250 1506 819">
     <span class='ocr_line' id='line_1_7' title="bbox 184 250 1506 303; baseline 0.002 -15"><span class='ocrx_word' id='word_1_11' title='bbox 184 250 262 297; x_wconf 83' lang='lat' dir='ltr'>viri,</span> <span class='ocrx_word' id='word_1_12' title='bbox 292 263 390 300; x_wconf 86' lang='lat' dir='ltr'>quos</span> <span class='ocrx_word' id='word_1_13' title='bbox 421 251 654 290; x_wconf 88' lang='lat' dir='ltr'>nominatim</span> <span class='ocrx_word' id='word_1_14' title='bbox 686 252 871 302; x_wconf 84' lang='lat' dir='ltr'>appellari</span> <span class='ocrx_word' id='word_1_15' title='bbox 903 266 983 290; x_wconf 90' lang='lat' dir='ltr'>non</span> <span class='ocrx_word' id='word_1_16' title='bbox 1013 260 1070 291; x_wconf 87' lang='lat' dir='ltr'>est</span> <span class='ocrx_word' id='word_1_17' title='bbox 1100 266 1271 300; x_wconf 89' lang='lat' dir='ltr'>necesse,</span> <span class='ocrx_word' id='word_1_18' title='bbox 1299 253 1506 303; x_wconf 87' lang='lat' dir='ltr'>propositis</span> 
     </span>
     <span class='ocr_line' id='line_1_8' title="bbox 183 317 1502 368; baseline 0.002 -15"><span class='ocrx_word' id='word_1_19' title='bbox 183 323 240 354; x_wconf 92' lang='lat' dir='ltr'>tot</span> <span class='ocrx_word' id='word_1_20' title='bbox 268 317 454 366; x_wconf 81' lang='lat' dir='ltr'>exemplis</span> <span class='ocrx_word' id='word_1_21' title='bbox 484 317 708 356; x_wconf 81' lang='lat' dir='ltr'>iracundiae</span> <span class='ocrx_word' id='word_1_22' title='bbox 736 318 982 368; x_wconf 79' lang='lat' dir='ltr'>levitatisque</span> <span class='ocrx_word' id='word_1_23' title='bbox 1009 320 1206 368; x_wconf 87' lang='lat' dir='ltr'>popularis</span> <span class='ocrx_word' id='word_1_24' title='bbox 1234 326 1364 357; x_wconf 85' lang='lat' dir='ltr'>tamen</span> <span class='ocrx_word' id='word_1_25' title='bbox 1394 332 1502 356; x_wconf 89' lang='lat' dir='ltr'>suam</span> 
     </span>
     <span class='ocr_line' id='line_1_9' title="bbox 183 381 1504 433; baseline 0.002 -15"><span class='ocrx_word' id='word_1_26' title='bbox 183 394 262 419; x_wconf 87' lang='lat' dir='ltr'>rem</span> <span class='ocrx_word' id='word_1_27' title='bbox 293 381 491 431; x_wconf 85' lang='lat' dir='ltr'>publicam</span> <span class='ocrx_word' id='word_1_28' title='bbox 520 382 623 420; x_wconf 91' lang='lat' dir='ltr'>illam</span> <span class='ocrx_word' id='word_1_29' title='bbox 649 383 1077 433; x_wconf 85' lang='lat' dir='ltr'>defenderunt,—quid</span> <span class='ocrx_word' id='word_1_30' title='bbox 1100 397 1172 422; x_wconf 89' lang='lat' dir='ltr'>nos</span> <span class='ocrx_word' id='word_1_31' title='bbox 1198 385 1356 422; x_wconf 90' lang='lat' dir='ltr'>tandem</span> <span class='ocrx_word' id='word_1_32' title='bbox 1380 385 1504 422; x_wconf 88' lang='lat' dir='ltr'>facere</span> 
     </span>
     <span class='ocr_line' id='line_1_10' title="bbox 182 446 1503 498; baseline 0.002 -15"><span class='ocrx_word' id='word_1_33' title='bbox 182 446 384 494; x_wconf 85' lang='lat' dir='ltr'>debemus,</span> <span class='ocrx_word' id='word_1_34' title='bbox 408 447 577 496; x_wconf 90' lang='lat' dir='ltr'>primum</span> <span class='ocrx_word' id='word_1_35' title='bbox 595 448 634 485; x_wconf 92' lang='lat' dir='ltr'>in</span> <span class='ocrx_word' id='word_1_36' title='bbox 655 461 701 486; x_wconf 90' lang='lat' dir='ltr'>ea</span> <span class='ocrx_word' id='word_1_37' title='bbox 721 447 876 486; x_wconf 89' lang='lat' dir='ltr'>civitate</span> <span class='ocrx_word' id='word_1_38' title='bbox 897 448 976 486; x_wconf 90' lang='lat' dir='ltr'>nati</span> <span class='ocrx_word' id='word_1_39' title='bbox 995 449 1101 486; x_wconf 90' lang='lat' dir='ltr'>unde</span> <span class='ocrx_word' id='word_1_40' title='bbox 1121 457 1204 486; x_wconf 92' lang='lat' dir='ltr'>orta</span> <span class='ocrx_word' id='word_1_41' title='bbox 1226 448 1319 486; x_wconf 84' lang='lat' dir='ltr'>mihi</span> <span class='ocrx_word' id='word_1_42' title='bbox 1339 449 1503 498; x_wconf 86' lang='lat' dir='ltr'>gravitas</span> 
     </span>
     <span class='ocr_line' id='line_1_11' title="bbox 181 511 1502 562; baseline 0.002 -14"><span class='ocrx_word' id='word_1_43' title='bbox 181 519 218 548; x_wconf 89' lang='lat' dir='ltr'>et</span> <span class='ocrx_word' id='word_1_44' title='bbox 244 511 474 561; x_wconf 85' lang='lat' dir='ltr'>magnitudo</span> <span class='ocrx_word' id='word_1_45' title='bbox 498 512 618 550; x_wconf 91' lang='lat' dir='ltr'>animi</span> <span class='ocrx_word' id='word_1_46' title='bbox 643 513 806 559; x_wconf 82' lang='lat' dir='ltr'>videtur,</span> <span class='ocrx_word' id='word_1_47' title='bbox 831 521 914 550; x_wconf 89' lang='lat' dir='ltr'>turn</span> <span class='ocrx_word' id='word_1_48' title='bbox 939 512 978 550; x_wconf 91' lang='lat' dir='ltr'>in</span> <span class='ocrx_word' id='word_1_49' title='bbox 1007 520 1114 550; x_wconf 82' lang='lat' dir='ltr'>tanta</span> <span class='ocrx_word' id='word_1_50' title='bbox 1137 514 1257 562; x_wconf 89' lang='lat' dir='ltr'>gloria</span> <span class='ocrx_word' id='word_1_51' title='bbox 1281 513 1502 552; x_wconf 81' lang='lat' dir='ltr'>insistentes</span> 
     </span>
     <span class='ocr_line' id='line_1_12' title="bbox 180 575 1502 624; baseline 0.002 -11"><span class='ocrx_word' id='word_1_52' title='bbox 180 583 221 613; x_wconf 92' lang='lat' dir='ltr'>ut</span> <span class='ocrx_word' id='word_1_53' title='bbox 242 575 374 614; x_wconf 90' lang='lat' dir='ltr'>omnia</span> <span class='ocrx_word' id='word_1_54' title='bbox 390 577 562 614; x_wconf 89' lang='lat' dir='ltr'>humana</span> <span class='ocrx_word' id='word_1_55' title='bbox 579 576 723 615; x_wconf 88' lang='lat' dir='ltr'>leviora</span> <span class='ocrx_word' id='word_1_56' title='bbox 744 578 865 615; x_wconf 77' lang='lat' dir='ltr'>videri</span> <span class='ocrx_word' id='word_1_57' title='bbox 881 578 1064 624; x_wconf 86' lang='lat' dir='ltr'>debeant,</span> <span class='ocrx_word' id='word_1_58' title='bbox 1083 577 1228 616; x_wconf 89' lang='lat' dir='ltr'>deinde</span> <span class='ocrx_word' id='word_1_59' title='bbox 1247 578 1298 616; x_wconf 91' lang='lat' dir='ltr'>ad</span> <span class='ocrx_word' id='word_1_60' title='bbox 1315 591 1399 616; x_wconf 87' lang='lat' dir='ltr'>eam</span> <span class='ocrx_word' id='word_1_61' title='bbox 1421 592 1502 617; x_wconf 89' lang='lat' dir='ltr'>rem</span> 
     </span>
     <span class='ocr_line' id='line_1_13' title="bbox 179 640 1501 691; baseline 0.003 -14"><span class='ocrx_word' id='word_1_62' title='bbox 179 640 378 691; x_wconf 80' lang='lat' dir='ltr'><strong>publicam</strong></span> <span class='ocrx_word' id='word_1_63' title='bbox 400 642 589 679; x_wconf 88' lang='lat' dir='ltr'>tuendam</span> <span class='ocrx_word' id='word_1_64' title='bbox 610 642 781 691; x_wconf 85' lang='lat' dir='ltr'>adgressi</span> <span class='ocrx_word' id='word_1_65' title='bbox 810 655 911 691; x_wconf 90' lang='lat' dir='ltr'>quae</span> <span class='ocrx_word' id='word_1_66' title='bbox 936 650 1043 680; x_wconf 88' lang='lat' dir='ltr'>tanta</span> <span class='ocrx_word' id='word_1_67' title='bbox 1067 642 1256 691; x_wconf 79' lang='lat' dir='ltr'>dignitate</span> <span class='ocrx_word' id='word_1_68' title='bbox 1276 649 1333 680; x_wconf 88' lang='lat' dir='ltr'>est</span> <span class='ocrx_word' id='word_1_69' title='bbox 1354 650 1395 680; x_wconf 94' lang='lat' dir='ltr'>ut</span> <span class='ocrx_word' id='word_1_70' title='bbox 1415 655 1501 681; x_wconf 90' lang='lat' dir='ltr'>eam</span> 
     </span>
     <span class='ocr_line' id='line_1_14' title="bbox 178 706 1500 758; baseline 0.004 -15"><span class='ocrx_word' id='word_1_71' title='bbox 178 706 458 744; x_wconf 86' lang='lat' dir='ltr'>defendentem</span> <span class='ocrx_word' id='word_1_72' title='bbox 475 708 656 745; x_wconf 91' lang='lat' dir='ltr'>occidere</span> <span class='ocrx_word' id='word_1_73' title='bbox 671 708 839 756; x_wconf 72' lang='lat' dir='ltr'>optatius</span> <span class='ocrx_word' id='word_1_74' title='bbox 854 707 902 746; x_wconf 93' lang='lat' dir='ltr'>sit</span> <span class='ocrx_word' id='word_1_75' title='bbox 923 722 1041 758; x_wconf 85' lang='lat' dir='ltr'>quam</span> <span class='ocrx_word' id='word_1_76' title='bbox 1063 716 1358 758; x_wconf 81' lang='lat' dir='ltr'>oppugnantem</span> <span class='ocrx_word' id='word_1_77' title='bbox 1376 723 1500 748; x_wconf 87' lang='lat' dir='ltr'>rerum</span> 
     </span>
     <span class='ocr_line' id='line_1_15' title="bbox 178 770 324 819; baseline 0 -12"><span class='ocrx_word' id='word_1_78' title='bbox 178 770 324 819; x_wconf 87' lang='lat' dir='ltr'>potiri?</span> 
     </span>
    </p>

    <p class='ocr_par' dir='ltr' id='par_1_8' title="bbox 170 836 1503 2188">
     <span class='ocr_line' id='line_1_16' title="bbox 234 836 1502 888; baseline 0.004 -15"><span class='ocrx_word' id='word_1_79' title='bbox 234 836 430 875; x_wconf 85' lang='lat' dir='ltr'>Homines</span> <span class='ocrx_word' id='word_1_80' title='bbox 450 836 592 875; x_wconf 88' lang='lat' dir='ltr'>Graeci</span> <span class='ocrx_word' id='word_1_81' title='bbox 617 850 716 886; x_wconf 88' lang='lat' dir='ltr'>quos</span> <span class='ocrx_word' id='word_1_82' title='bbox 740 844 856 876; x_wconf 86' lang='lat' dir='ltr'>antea</span> <span class='ocrx_word' id='word_1_83' title='bbox 880 837 1092 886; x_wconf 78' lang='lat' dir='ltr'>nominavi,</span> <span class='ocrx_word' id='word_1_84' title='bbox 1113 838 1247 888; x_wconf 87' lang='lat' dir='ltr'>inique</span> <span class='ocrx_word' id='word_1_85' title='bbox 1270 852 1293 876; x_wconf 88' lang='lat' dir='ltr'>a</span> <span class='ocrx_word' id='word_1_86' title='bbox 1317 839 1394 878; x_wconf 91' lang='lat' dir='ltr'>suis</span> <span class='ocrx_word' id='word_1_87' title='bbox 1415 841 1502 878; x_wconf 87' lang='lat' dir='ltr'>civi-</span> 
     </span>
     <span class='ocr_line' id='line_1_17' title="bbox 178 900 1502 953; baseline 0.004 -15"><span class='ocrx_word' id='word_1_88' title='bbox 178 900 251 938; x_wconf 89' lang='lat' dir='ltr'>bus</span> <span class='ocrx_word' id='word_1_89' title='bbox 275 901 450 940; x_wconf 90' lang='lat' dir='ltr'>damnati</span> <span class='ocrx_word' id='word_1_90' title='bbox 476 910 595 951; x_wconf 85' lang='lat' dir='ltr'>atque</span> <span class='ocrx_word' id='word_1_91' title='bbox 625 902 786 951; x_wconf 82' lang='lat' dir='ltr'>expulsi,</span> <span class='ocrx_word' id='word_1_92' title='bbox 816 909 959 950; x_wconf 90' lang='lat' dir='ltr'>tamen,</span> <span class='ocrx_word' id='word_1_93' title='bbox 987 903 1078 953; x_wconf 88' lang='lat' dir='ltr'>quia</span> <span class='ocrx_word' id='word_1_94' title='bbox 1105 903 1207 941; x_wconf 92' lang='lat' dir='ltr'>bene</span> <span class='ocrx_word' id='word_1_95' title='bbox 1234 911 1324 942; x_wconf 90' lang='lat' dir='ltr'>sunt</span> <span class='ocrx_word' id='word_1_96' title='bbox 1347 905 1398 942; x_wconf 90' lang='lat' dir='ltr'>de</span> <span class='ocrx_word' id='word_1_97' title='bbox 1424 905 1502 943; x_wconf 90' lang='lat' dir='ltr'>suis</span> 
     </span>
     <span class='ocr_line' id='line_1_18' title="bbox 177 964 1503 1017; baseline 0.004 -15"><span class='ocrx_word' id='word_1_98' title='bbox 177 964 398 1005; x_wconf 87' lang='lat' dir='ltr'>civitatibus</span> <span class='ocrx_word' id='word_1_99' title='bbox 428 966 566 1013; x_wconf 87' lang='lat' dir='ltr'>meriti,</span> <span class='ocrx_word' id='word_1_100' title='bbox 599 974 707 1005; x_wconf 89' lang='lat' dir='ltr'>tanta</span> <span class='ocrx_word' id='word_1_101' title='bbox 737 967 856 1005; x_wconf 90' lang='lat' dir='ltr'>hodie</span> <span class='ocrx_word' id='word_1_102' title='bbox 887 967 1009 1017; x_wconf 92' lang='lat' dir='ltr'>gloria</span> <span class='ocrx_word' id='word_1_103' title='bbox 1040 976 1130 1006; x_wconf 89' lang='lat' dir='ltr'>sunt</span> <span class='ocrx_word' id='word_1_104' title='bbox 1160 982 1240 1007; x_wconf 92' lang='lat' dir='ltr'>non</span> <span class='ocrx_word' id='word_1_105' title='bbox 1268 968 1308 1006; x_wconf 92' lang='lat' dir='ltr'>in</span> <span class='ocrx_word' id='word_1_106' title='bbox 1338 970 1503 1008; x_wconf 81' lang='lat' dir='ltr'>Graecia</span> 
     </span>
     <span class='ocr_line' id='line_1_19' title="bbox 178 1031 1503 1082; baseline 0.004 -15"><span class='ocrx_word' id='word_1_107' title='bbox 178 1031 306 1069; x_wconf 92' lang='lat' dir='ltr'>solum</span> <span class='ocrx_word' id='word_1_108' title='bbox 333 1033 404 1070; x_wconf 89' lang='lat' dir='ltr'>sed</span> <span class='ocrx_word' id='word_1_109' title='bbox 428 1032 546 1069; x_wconf 91' lang='lat' dir='ltr'>etiam</span> <span class='ocrx_word' id='word_1_110' title='bbox 574 1033 680 1082; x_wconf 92' lang='lat' dir='ltr'>apud</span> <span class='ocrx_word' id='word_1_111' title='bbox 706 1045 777 1070; x_wconf 88' lang='lat' dir='ltr'>nos</span> <span class='ocrx_word' id='word_1_112' title='bbox 805 1040 923 1082; x_wconf 80' lang='lat' dir='ltr'>atque</span> <span class='ocrx_word' id='word_1_113' title='bbox 951 1034 990 1070; x_wconf 89' lang='lat' dir='ltr'>in</span> <span class='ocrx_word' id='word_1_114' title='bbox 1019 1032 1156 1071; x_wconf 90' lang='lat' dir='ltr'>ceteris</span> <span class='ocrx_word' id='word_1_115' title='bbox 1180 1033 1300 1080; x_wconf 92' lang='lat' dir='ltr'>terris,</span> <span class='ocrx_word' id='word_1_116' title='bbox 1324 1041 1365 1072; x_wconf 90' lang='lat' dir='ltr'>ut</span> <span class='ocrx_word' id='word_1_117' title='bbox 1386 1046 1454 1072; x_wconf 90' lang='lat' dir='ltr'>eos</span> <span class='ocrx_word' id='word_1_118' title='bbox 1480 1048 1503 1071; x_wconf 89' lang='lat' dir='ltr'>a</span> 
     </span>
     <span class='ocr_line' id='line_1_20' title="bbox 177 1094 1500 1145; baseline 0.004 -14"><span class='ocrx_word' id='word_1_119' title='bbox 177 1094 319 1143; x_wconf 90' lang='lat' dir='ltr'>quibus</span> <span class='ocrx_word' id='word_1_120' title='bbox 340 1097 394 1133; x_wconf 90' lang='lat' dir='ltr'>illi</span> <span class='ocrx_word' id='word_1_121' title='bbox 415 1097 592 1145; x_wconf 87' lang='lat' dir='ltr'>oppressi</span> <span class='ocrx_word' id='word_1_122' title='bbox 616 1096 695 1135; x_wconf 89' lang='lat' dir='ltr'>sint</span> <span class='ocrx_word' id='word_1_123' title='bbox 723 1109 841 1135; x_wconf 91' lang='lat' dir='ltr'>nemo</span> <span class='ocrx_word' id='word_1_124' title='bbox 863 1097 1053 1145; x_wconf 90' lang='lat' dir='ltr'>nominet,</span> <span class='ocrx_word' id='word_1_125' title='bbox 1076 1099 1216 1135; x_wconf 90' lang='lat' dir='ltr'>horum</span> <span class='ocrx_word' id='word_1_126' title='bbox 1236 1098 1500 1136; x_wconf 85' lang='lat' dir='ltr'>calamitatem</span> 
     </span>
     <span class='ocr_line' id='line_1_21' title="bbox 176 1159 1500 1213; baseline 0.003 -16"><span class='ocrx_word' id='word_1_127' title='bbox 176 1159 438 1198; x_wconf 85' lang='lat' dir='ltr'>dominationi</span> <span class='ocrx_word' id='word_1_128' title='bbox 459 1161 614 1199; x_wconf 91' lang='lat' dir='ltr'>illorum</span> <span class='ocrx_word' id='word_1_129' title='bbox 631 1174 769 1199; x_wconf 91' lang='lat' dir='ltr'>omnes</span> <span class='ocrx_word' id='word_1_130' title='bbox 785 1169 1039 1212; x_wconf 87' lang='lat' dir='ltr'>anteponant.</span> <span class='ocrx_word' id='word_1_131' title='bbox 1091 1163 1190 1212; x_wconf 89' lang='lat' dir='ltr'>Quis</span> <span class='ocrx_word' id='word_1_132' title='bbox 1208 1163 1500 1213; x_wconf 85' lang='lat' dir='ltr'>Carthaginien-</span> 
     </span>
     <span class='ocr_line' id='line_1_22' title="bbox 176 1223 1499 1278; baseline 0.004 -18"><span class='ocrx_word' id='word_1_133' title='bbox 176 1223 277 1262; x_wconf 87' lang='lat' dir='ltr'>sium</span> <span class='ocrx_word' id='word_1_134' title='bbox 299 1225 417 1275; x_wconf 90' lang='lat' dir='ltr'>pluris</span> <span class='ocrx_word' id='word_1_135' title='bbox 438 1225 509 1263; x_wconf 89' lang='lat' dir='ltr'>fuit</span> <span class='ocrx_word' id='word_1_136' title='bbox 531 1226 760 1265; x_wconf 87' lang='lat' dir='ltr'>Hannibale</span> <span class='ocrx_word' id='word_1_137' title='bbox 781 1227 957 1274; x_wconf 89' lang='lat' dir='ltr'>consilio,</span> <span class='ocrx_word' id='word_1_138' title='bbox 980 1227 1131 1275; x_wconf 90' lang='lat' dir='ltr'>virtute,</span> <span class='ocrx_word' id='word_1_139' title='bbox 1151 1227 1265 1266; x_wconf 90' lang='lat' dir='ltr'>rebus</span> <span class='ocrx_word' id='word_1_140' title='bbox 1285 1228 1413 1278; x_wconf 88' lang='lat' dir='ltr'>gestis,</span> <span class='ocrx_word' id='word_1_141' title='bbox 1433 1228 1499 1278; x_wconf 83' lang='lat' dir='ltr'>qui</span> 
     </span>
     <span class='ocr_line' id='line_1_23' title="bbox 176 1291 1500 1342; baseline 0.003 -15"><span class='ocrx_word' id='word_1_142' title='bbox 176 1303 276 1328; x_wconf 91' lang='lat' dir='ltr'>unus</span> <span class='ocrx_word' id='word_1_143' title='bbox 298 1303 388 1328; x_wconf 89' lang='lat' dir='ltr'>cum</span> <span class='ocrx_word' id='word_1_144' title='bbox 408 1298 466 1329; x_wconf 92' lang='lat' dir='ltr'>tot</span> <span class='ocrx_word' id='word_1_145' title='bbox 486 1291 786 1340; x_wconf 88' lang='lat' dir='ltr'>imperatoribus</span> <span class='ocrx_word' id='word_1_146' title='bbox 803 1291 944 1331; x_wconf 89' lang='lat' dir='ltr'>nostris</span> <span class='ocrx_word' id='word_1_147' title='bbox 961 1306 1028 1342; x_wconf 89' lang='lat' dir='ltr'>per</span> <span class='ocrx_word' id='word_1_148' title='bbox 1049 1300 1106 1331; x_wconf 92' lang='lat' dir='ltr'>tot</span> <span class='ocrx_word' id='word_1_149' title='bbox 1119 1305 1245 1331; x_wconf 88' lang='lat' dir='ltr'>annos</span> <span class='ocrx_word' id='word_1_150' title='bbox 1266 1293 1316 1331; x_wconf 92' lang='lat' dir='ltr'>de</span> <span class='ocrx_word' id='word_1_151' title='bbox 1336 1292 1500 1342; x_wconf 89' lang='lat' dir='ltr'>imperio</span> 
     </span>
     <span class='ocr_line' id='line_1_24' title="bbox 175 1356 1498 1405; baseline 0.002 -12"><span class='ocrx_word' id='word_1_152' title='bbox 175 1362 213 1393; x_wconf 91' lang='lat' dir='ltr'>et</span> <span class='ocrx_word' id='word_1_153' title='bbox 233 1356 283 1394; x_wconf 92' lang='lat' dir='ltr'>de</span> <span class='ocrx_word' id='word_1_154' title='bbox 302 1356 424 1405; x_wconf 89' lang='lat' dir='ltr'>gloria</span> <span class='ocrx_word' id='word_1_155' title='bbox 443 1356 688 1395; x_wconf 86' lang='lat' dir='ltr'>decertavit?</span> <span class='ocrx_word' id='word_1_156' title='bbox 732 1359 853 1395; x_wconf 91' lang='lat' dir='ltr'>Hunc</span> <span class='ocrx_word' id='word_1_157' title='bbox 870 1357 928 1395; x_wconf 91' lang='lat' dir='ltr'>sui</span> <span class='ocrx_word' id='word_1_158' title='bbox 945 1357 1048 1395; x_wconf 84' lang='lat' dir='ltr'>cives</span> <span class='ocrx_word' id='word_1_159' title='bbox 1064 1370 1085 1396; x_wconf 94' lang='lat' dir='ltr'>e</span> <span class='ocrx_word' id='word_1_160' title='bbox 1102 1357 1257 1395; x_wconf 85' lang='lat' dir='ltr'>civitate</span> <span class='ocrx_word' id='word_1_161' title='bbox 1278 1357 1474 1396; x_wconf 90' lang='lat' dir='ltr'>eiecerunt</span> <span class='ocrx_word' id='word_1_162' title='bbox 1491 1373 1498 1396; x_wconf 91' lang='lat'><strong>:</strong></span> 
     </span>
     <span class='ocr_line' id='line_1_25' title="bbox 175 1420 1498 1461; baseline 0.002 -4"><span class='ocrx_word' id='word_1_163' title='bbox 175 1433 247 1457; x_wconf 93' lang='lat' dir='ltr'>nos</span> <span class='ocrx_word' id='word_1_164' title='bbox 274 1420 391 1458; x_wconf 91' lang='lat' dir='ltr'>etiam</span> <span class='ocrx_word' id='word_1_165' title='bbox 416 1421 570 1459; x_wconf 88' lang='lat' dir='ltr'>hostem</span> <span class='ocrx_word' id='word_1_166' title='bbox 598 1420 735 1459; x_wconf 90' lang='lat' dir='ltr'>litteris</span> <span class='ocrx_word' id='word_1_167' title='bbox 762 1422 904 1459; x_wconf 87' lang='lat' dir='ltr'>nostris</span> <span class='ocrx_word' id='word_1_168' title='bbox 931 1429 969 1461; x_wconf 91' lang='lat' dir='ltr'>et</span> <span class='ocrx_word' id='word_1_169' title='bbox 995 1421 1183 1460; x_wconf 88' lang='lat' dir='ltr'>memoria</span> <span class='ocrx_word' id='word_1_170' title='bbox 1208 1421 1387 1460; x_wconf 88' lang='lat' dir='ltr'>videmus</span> <span class='ocrx_word' id='word_1_171' title='bbox 1414 1434 1498 1460; x_wconf 90' lang='lat' dir='ltr'>esse</span> 
     </span>
     <span class='ocr_line' id='line_1_26' title="bbox 175 1486 1495 1535; baseline 0.001 -12"><span class='ocrx_word' id='word_1_172' title='bbox 175 1486 427 1524; x_wconf 89' lang='lat' dir='ltr'>celebratum.</span> <span class='ocrx_word' id='word_1_173' title='bbox 498 1488 589 1535; x_wconf 88' lang='lat' dir='ltr'>Qua</span> <span class='ocrx_word' id='word_1_174' title='bbox 618 1500 657 1524; x_wconf 93' lang='lat' dir='ltr'>re</span> <span class='ocrx_word' id='word_1_175' title='bbox 688 1486 885 1524; x_wconf 89' lang='lat' dir='ltr'>imitemur</span> <span class='ocrx_word' id='word_1_176' title='bbox 919 1494 1072 1525; x_wconf 86' lang='lat' dir='ltr'>nostros</span> <span class='ocrx_word' id='word_1_177' title='bbox 1111 1486 1263 1534; x_wconf 86' lang='lat' dir='ltr'>Brutos,</span> <span class='ocrx_word' id='word_1_178' title='bbox 1297 1486 1495 1533; x_wconf 90' lang='lat' dir='ltr'>Camillos,</span> 
     </span>
     <span class='ocr_line' id='line_1_27' title="bbox 175 1551 1498 1601; baseline 0 -12"><span class='ocrx_word' id='word_1_179' title='bbox 175 1552 332 1598; x_wconf 85' lang='lat' dir='ltr'>Ahalas,</span> <span class='ocrx_word' id='word_1_180' title='bbox 355 1551 513 1598; x_wconf 89' lang='lat' dir='ltr'>Decios,</span> <span class='ocrx_word' id='word_1_181' title='bbox 537 1552 687 1599; x_wconf 89' lang='lat' dir='ltr'>Curios,</span> <span class='ocrx_word' id='word_1_182' title='bbox 709 1551 919 1599; x_wconf 87' lang='lat' dir='ltr'>Fabricios,</span> <span class='ocrx_word' id='word_1_183' title='bbox 940 1551 1147 1599; x_wconf 84' lang='lat' dir='ltr'>Maximos,</span> <span class='ocrx_word' id='word_1_184' title='bbox 1166 1551 1379 1601; x_wconf 88' lang='lat' dir='ltr'>Scipiones,</span> <span class='ocrx_word' id='word_1_185' title='bbox 1399 1553 1498 1591; x_wconf 91' lang='lat' dir='ltr'>Len-</span> 
     </span>
     <span class='ocr_line' id='line_1_28' title="bbox 173 1617 1495 1667; baseline 0 -12"><span class='ocrx_word' id='word_1_186' title='bbox 173 1619 288 1665; x_wconf 87' lang='lat' dir='ltr'>tulos,</span> <span class='ocrx_word' id='word_1_187' title='bbox 312 1617 514 1665; x_wconf 87' lang='lat' dir='ltr'>Aemilios,</span> <span class='ocrx_word' id='word_1_188' title='bbox 537 1617 833 1656; x_wconf 89' lang='lat' dir='ltr'>innumerabilis</span> <span class='ocrx_word' id='word_1_189' title='bbox 857 1617 953 1656; x_wconf 92' lang='lat' dir='ltr'>alios</span> <span class='ocrx_word' id='word_1_190' title='bbox 978 1617 1043 1666; x_wconf 87' lang='lat' dir='ltr'>qui</span> <span class='ocrx_word' id='word_1_191' title='bbox 1065 1618 1167 1655; x_wconf 88' lang='lat' dir='ltr'>hanc</span> <span class='ocrx_word' id='word_1_192' title='bbox 1194 1631 1276 1655; x_wconf 89' lang='lat' dir='ltr'>rem</span> <span class='ocrx_word' id='word_1_193' title='bbox 1297 1617 1495 1667; x_wconf 91' lang='lat' dir='ltr'>publicam</span> 
     </span>
     <span class='ocr_line' id='line_1_29' title="bbox 174 1681 1495 1732; baseline 0.001 -13"><span class='ocrx_word' id='word_1_194' title='bbox 174 1682 467 1730; x_wconf 82' lang='lat' dir='ltr'>stabiliverunt;</span> <span class='ocrx_word' id='word_1_195' title='bbox 496 1686 595 1732; x_wconf 91' lang='lat' dir='ltr'>quos</span> <span class='ocrx_word' id='word_1_196' title='bbox 615 1681 800 1732; x_wconf 88' lang='lat' dir='ltr'>equidem</span> <span class='ocrx_word' id='word_1_197' title='bbox 826 1682 865 1720; x_wconf 91' lang='lat' dir='ltr'>in</span> <span class='ocrx_word' id='word_1_198' title='bbox 892 1683 1057 1720; x_wconf 92' lang='lat' dir='ltr'>deorum</span> <span class='ocrx_word' id='word_1_199' title='bbox 1082 1681 1359 1720; x_wconf 86' lang='lat' dir='ltr'>immortalium</span> <span class='ocrx_word' id='word_1_200' title='bbox 1381 1690 1495 1720; x_wconf 92' lang='lat' dir='ltr'>coetu</span> 
     </span>
     <span class='ocr_line' id='line_1_30' title="bbox 172 1746 1493 1797; baseline -0.001 -12"><span class='ocrx_word' id='word_1_201' title='bbox 172 1761 217 1785; x_wconf 89' lang='lat' dir='ltr'>ac</span> <span class='ocrx_word' id='word_1_202' title='bbox 248 1761 414 1786; x_wconf 90' lang='lat' dir='ltr'>numero</span> <span class='ocrx_word' id='word_1_203' title='bbox 444 1760 605 1796; x_wconf 88' lang='lat' dir='ltr'>repono.</span> <span class='ocrx_word' id='word_1_204' title='bbox 664 1749 854 1785; x_wconf 85' lang='lat' dir='ltr'>Amemus</span> <span class='ocrx_word' id='word_1_205' title='bbox 885 1746 1060 1797; x_wconf 88' lang='lat' dir='ltr'>patriam,</span> <span class='ocrx_word' id='word_1_206' title='bbox 1095 1760 1299 1797; x_wconf 89' lang='lat' dir='ltr'>pareamus</span> <span class='ocrx_word' id='word_1_207' title='bbox 1331 1747 1493 1795; x_wconf 88' lang='lat' dir='ltr'>senatui,</span> 
     </span>
     <span class='ocr_line' id='line_1_31' title="bbox 173 1811 1495 1862; baseline -0.001 -12"><span class='ocrx_word' id='word_1_208' title='bbox 173 1814 424 1851; x_wconf 87' lang='lat' dir='ltr'>consulamus</span> <span class='ocrx_word' id='word_1_209' title='bbox 456 1812 596 1860; x_wconf 84' lang='lat' dir='ltr'>bonis;</span> <span class='ocrx_word' id='word_1_210' title='bbox 629 1811 844 1862; x_wconf 89' lang='lat' dir='ltr'>praesentis</span> <span class='ocrx_word' id='word_1_211' title='bbox 869 1813 1014 1850; x_wconf 89' lang='lat' dir='ltr'>fructus</span> <span class='ocrx_word' id='word_1_212' title='bbox 1044 1813 1305 1861; x_wconf 83' lang='lat' dir='ltr'>neglegamus,</span> <span class='ocrx_word' id='word_1_213' title='bbox 1338 1811 1495 1861; x_wconf 91' lang='lat' dir='ltr'>posteri-</span> 
     </span>
     <span class='ocr_line' id='line_1_32' title="bbox 173 1876 1494 1927; baseline -0.002 -12"><span class='ocrx_word' id='word_1_214' title='bbox 173 1877 261 1915; x_wconf 89' lang='lat' dir='ltr'>tatis</span> <span class='ocrx_word' id='word_1_215' title='bbox 281 1877 425 1927; x_wconf 87' lang='lat' dir='ltr'>gloriae</span> <span class='ocrx_word' id='word_1_216' title='bbox 446 1877 684 1924; x_wconf 71' lang='lat' dir='ltr'>serviamus,</span> <span class='ocrx_word' id='word_1_217' title='bbox 713 1876 752 1915; x_wconf 91' lang='lat' dir='ltr'>id</span> <span class='ocrx_word' id='word_1_218' title='bbox 774 1889 858 1915; x_wconf 82' lang='lat' dir='ltr'>esse</span> <span class='ocrx_word' id='word_1_219' title='bbox 879 1877 1072 1926; x_wconf 87' lang='lat' dir='ltr'>optimum</span> <span class='ocrx_word' id='word_1_220' title='bbox 1093 1884 1276 1925; x_wconf 89' lang='lat' dir='ltr'>putemus</span> <span class='ocrx_word' id='word_1_221' title='bbox 1297 1877 1403 1925; x_wconf 89' lang='lat' dir='ltr'>quod</span> <span class='ocrx_word' id='word_1_222' title='bbox 1426 1878 1494 1914; x_wconf 94' lang='lat' dir='ltr'>erit</span> 
     </span>
     <span class='ocr_line' id='line_1_33' title="bbox 172 1940 1494 1991; baseline -0.002 -11"><span class='ocrx_word' id='word_1_223' title='bbox 172 1942 456 1989; x_wconf 71' lang='lat' dir='ltr'>rectissimum,</span> <span class='ocrx_word' id='word_1_224' title='bbox 485 1955 687 1991; x_wconf 89' lang='lat' dir='ltr'>speremus</span> <span class='ocrx_word' id='word_1_225' title='bbox 717 1954 818 1990; x_wconf 86' lang='lat' dir='ltr'>quae</span> <span class='ocrx_word' id='word_1_226' title='bbox 847 1942 1038 1986; x_wconf 84' lang='lat' dir='ltr'>volumus,</span> <span class='ocrx_word' id='word_1_227' title='bbox 1075 1941 1144 1978; x_wconf 91' lang='lat' dir='ltr'>sed</span> <span class='ocrx_word' id='word_1_228' title='bbox 1174 1941 1282 1990; x_wconf 86' lang='lat' dir='ltr'>quod</span> <span class='ocrx_word' id='word_1_229' title='bbox 1311 1940 1494 1978; x_wconf 89' lang='lat' dir='ltr'>acciderit</span> 
     </span>
     <span class='ocr_line' id='line_1_34' title="bbox 171 2005 1493 2057; baseline -0.001 -13"><span class='ocrx_word' id='word_1_230' title='bbox 171 2009 338 2046; x_wconf 86' lang='lat' dir='ltr'>feramus</span> <span class='ocrx_word' id='word_1_231' title='bbox 356 2022 364 2054; x_wconf 83' lang='lat'><em>3</em></span> <span class='ocrx_word' id='word_1_232' title='bbox 393 2007 610 2057; x_wconf 89' lang='lat' dir='ltr'>cogitemus</span> <span class='ocrx_word' id='word_1_233' title='bbox 631 2006 802 2055; x_wconf 87' lang='lat' dir='ltr'>denique</span> <span class='ocrx_word' id='word_1_234' title='bbox 817 2019 958 2055; x_wconf 90' lang='lat' dir='ltr'>corpus</span> <span class='ocrx_word' id='word_1_235' title='bbox 974 2005 1142 2043; x_wconf 83' lang='lat' dir='ltr'>virorum</span> <span class='ocrx_word' id='word_1_236' title='bbox 1160 2005 1315 2042; x_wconf 91' lang='lat' dir='ltr'>fortium</span> <span class='ocrx_word' id='word_1_237' title='bbox 1338 2018 1493 2054; x_wconf 85' lang='lat' dir='ltr'>magno-</span> 
     </span>
     <span class='ocr_line' id='line_1_35' title="bbox 171 2070 1492 2118; baseline 0 -9"><span class='ocrx_word' id='word_1_238' title='bbox 171 2086 256 2109; x_wconf 91' lang='lat' dir='ltr'>rum</span> <span class='ocrx_word' id='word_1_239' title='bbox 287 2072 492 2110; x_wconf 86' lang='lat' dir='ltr'>hominurn</span> <span class='ocrx_word' id='word_1_240' title='bbox 523 2085 608 2111; x_wconf 90' lang='lat' dir='ltr'>esse</span> <span class='ocrx_word' id='word_1_241' title='bbox 638 2073 810 2118; x_wconf 87' lang='lat' dir='ltr'>mortale,</span> <span class='ocrx_word' id='word_1_242' title='bbox 843 2070 963 2108; x_wconf 90' lang='lat' dir='ltr'>animi</span> <span class='ocrx_word' id='word_1_243' title='bbox 998 2084 1089 2108; x_wconf 90' lang='lat' dir='ltr'>vero</span> <span class='ocrx_word' id='word_1_244' title='bbox 1119 2077 1247 2108; x_wconf 87' lang='lat' dir='ltr'>motus</span> <span class='ocrx_word' id='word_1_245' title='bbox 1277 2078 1314 2108; x_wconf 91' lang='lat' dir='ltr'>et</span> <span class='ocrx_word' id='word_1_246' title='bbox 1344 2070 1492 2109; x_wconf 86' lang='lat' dir='ltr'>virtutis</span> 
     </span>
     <span class='ocr_line' id='line_1_36' title="bbox 170 2134 1493 2188; baseline -0.002 -13"><span class='ocrx_word' id='word_1_247' title='bbox 170 2137 333 2188; x_wconf 86' lang='lat' dir='ltr'>gloriam</span> <span class='ocrx_word' id='word_1_248' title='bbox 354 2138 633 2186; x_wconf 88' lang='lat' dir='ltr'>sempiternam</span> <span class='ocrx_word' id='word_1_249' title='bbox 651 2151 660 2184; x_wconf 91' lang='lat'>;</span> <span class='ocrx_word' id='word_1_250' title='bbox 691 2149 819 2185; x_wconf 87' lang='lat' dir='ltr'>neque</span> <span class='ocrx_word' id='word_1_251' title='bbox 842 2136 942 2173; x_wconf 86' lang='lat' dir='ltr'>hanc</span> <span class='ocrx_word' id='word_1_252' title='bbox 960 2134 1188 2184; x_wconf 89' lang='lat' dir='ltr'>opinionem</span> <span class='ocrx_word' id='word_1_253' title='bbox 1210 2134 1240 2172; x_wconf 87' lang='lat' dir='ltr'>si</span> <span class='ocrx_word' id='word_1_254' title='bbox 1259 2134 1297 2172; x_wconf 94' lang='lat' dir='ltr'>in</span> <span class='ocrx_word' id='word_1_255' title='bbox 1322 2134 1388 2173; x_wconf 94' lang='lat' dir='ltr'>illo</span> <span class='ocrx_word' id='word_1_256' title='bbox 1410 2148 1493 2172; x_wconf 89' lang='lat' dir='ltr'>san-</span> 
     </span>
    </p>
   </div>
   <div class='ocr_carea' id='block_1_8' title="bbox 167 2237 1491 2408">
    <p class='ocr_par' dir='ltr' id='par_1_9' title="bbox 167 2237 1491 2408">
     <span class='ocr_line' id='line_1_37' title="bbox 219 2237 1491 2280; baseline -0.002 -9"><span class='ocrx_word' id='word_1_257' title='bbox 219 2241 240 2270; x_wconf 90' lang='lat'>8</span> <span class='ocrx_word' id='word_1_258' title='bbox 263 2241 411 2280; x_wconf 87' lang='lat' dir='ltr'>optatius</span> <span class='ocrx_word' id='word_1_259' title='bbox 434 2241 570 2280; x_wconf 74' lang='lat' dir='ltr'>scripsi:</span> <span class='ocrx_word' id='word_1_260' title='bbox 604 2251 669 2270; x_wconf 84' lang='lat' dir='ltr'>non</span> <span class='ocrx_word' id='word_1_261' title='bbox 699 2239 753 2279; x_wconf 66' lang='grc' dir='ltr'>(Ὴῖ</span> <span class='ocrx_word' id='word_1_262' title='bbox 779 2239 811 2268; x_wconf 76' lang='lat' dir='ltr'>I’</span> <span class='ocrx_word' id='word_1_263' title='bbox 858 2238 946 2268; x_wconf 87' lang='lat' dir='ltr'>aliud</span> <span class='ocrx_word' id='word_1_264' title='bbox 978 2238 1066 2268; x_wconf 79' lang='lat' dir='ltr'><em>codd.</em></span> <span class='ocrx_word' id='word_1_265' title='bbox 1087 2250 1092 2268; x_wconf 91' lang='lat'><strong>:</strong></span> <span class='ocrx_word' id='word_1_266' title='bbox 1125 2238 1307 2277; x_wconf 78' lang='lat' dir='ltr'>optabilius</span> <span class='ocrx_word' id='word_1_267' title='bbox 1332 2237 1491 2268; x_wconf 60' lang='lat' dir='ltr'>Schuetz:</span> 
     </span>
     <span class='ocr_line' id='line_1_38' title="bbox 170 2280 1488 2321; baseline -0.001 -8"><span class='ocrx_word' id='word_1_268' title='bbox 170 2284 275 2314; x_wconf 88' lang='lat' dir='ltr'>maius</span> <span class='ocrx_word' id='word_1_269' title='bbox 293 2283 405 2315; x_wconf 86' lang='lat' dir='ltr'>Madv.</span> <span class='ocrx_word' id='word_1_270' title='bbox 423 2295 430 2314; x_wconf 89' lang='lat'><strong>:</strong></span> <span class='ocrx_word' id='word_1_271' title='bbox 455 2285 575 2314; x_wconf 90' lang='lat' dir='ltr'>melius</span> <span class='ocrx_word' id='word_1_272' title='bbox 592 2283 702 2313; x_wconf 72' lang='lat' dir='ltr'>Bake:</span> <span class='ocrx_word' id='word_1_273' title='bbox 728 2282 962 2321; x_wconf 85' lang='lat' dir='ltr'>praestabilius</span> <span class='ocrx_word' id='word_1_274' title='bbox 986 2282 1131 2320; x_wconf 76' lang='lat' dir='ltr'>llz&#39;rscl1s.</span> <span class='ocrx_word' id='word_1_275' title='bbox 1165 2281 1398 2321; x_wconf 18' lang='lat' dir='ltr'>*praestantius</span> <span class='ocrx_word' id='word_1_276' title='bbox 1418 2280 1488 2312; x_wconf 65' lang='lat' dir='ltr'>Vnt.</span> 
     </span>
     <span class='ocr_line' id='line_1_39' title="bbox 168 2325 1490 2365; baseline -0.004 -7"><span class='ocrx_word' id='word_1_277' title='bbox 168 2329 183 2363; x_wconf 64' lang='grc' dir='ltr'><strong>ξ</strong></span> <span class='ocrx_word' id='word_1_278' title='bbox 210 2328 265 2365; x_wconf 57' lang='lat'>83:</span> <span class='ocrx_word' id='word_1_279' title='bbox 291 2329 442 2358; x_wconf 84' lang='lat' dir='ltr'>ornatius</span> <span class='ocrx_word' id='word_1_280' title='bbox 458 2327 558 2360; x_wconf 72' lang='lat' dir='ltr'>Paul„</span> <span class='ocrx_word' id='word_1_281' title='bbox 579 2327 734 2362; x_wconf 87' lang='lat' dir='ltr'>nobilius,</span> <span class='ocrx_word' id='word_1_282' title='bbox 753 2325 961 2362; x_wconf 85' lang='lat' dir='ltr'>laudabilius,</span> <span class='ocrx_word' id='word_1_283' title='bbox 983 2325 1159 2354; x_wconf 86' lang='lat' dir='ltr'>honestius</span> <span class='ocrx_word' id='word_1_284' title='bbox 1176 2325 1232 2354; x_wconf 82' lang='lat' dir='ltr'>all.</span> <span class='ocrx_word' id='word_1_285' title='bbox 1362 2334 1397 2361; x_wconf 90' lang='lat'>14</span> <span class='ocrx_word' id='word_1_286' title='bbox 1413 2330 1490 2354; x_wconf 89' lang='lat' dir='ltr'>sunt</span> 
     </span>
     <span class='ocr_line' id='line_1_40' title="bbox 167 2367 1488 2408; baseline -0.003 -7"><span class='ocrx_word' id='word_1_287' title='bbox 167 2369 242 2401; x_wconf 71' lang='lat' dir='ltr'>Hks</span> <span class='ocrx_word' id='word_1_288' title='bbox 323 2372 361 2401; x_wconf 89' lang='lat'>16</span> <span class='ocrx_word' id='word_1_289' title='bbox 378 2370 501 2401; x_wconf 83' lang='lat' dir='ltr'>Annib.</span> <span class='ocrx_word' id='word_1_290' title='bbox 518 2370 559 2400; x_wconf 83' lang='lat' dir='ltr'>P1</span> <span class='ocrx_word' id='word_1_291' title='bbox 653 2370 690 2398; x_wconf 90' lang='lat'>18</span> <span class='ocrx_word' id='word_1_292' title='bbox 706 2369 840 2408; x_wconf 88' lang='lat' dir='ltr'>eiciunt,</span> <span class='ocrx_word' id='word_1_293' title='bbox 856 2368 1022 2399; x_wconf 83' lang='lat' dir='ltr'>eiciuntur</span> <span class='ocrx_word' id='word_1_294' title='bbox 1034 2367 1141 2398; x_wconf 76' lang='lat' dir='ltr'>Sclwl.</span> <span class='ocrx_word' id='word_1_295' title='bbox 1233 2368 1273 2397; x_wconf 78' lang='lat'>28</span> <span class='ocrx_word' id='word_1_296' title='bbox 1293 2378 1488 2406; x_wconf 85' lang='lat' dir='ltr'>magnorum</span> 
     </span>
    </p>
   </div>
   <div class='ocr_carea' id='block_1_9' title="bbox 166 2412 704 2453">
    <p class='ocr_par' dir='ltr' id='par_1_10' title="bbox 166 2412 704 2453">
     <span class='ocr_line' id='line_1_41' title="bbox 166 2412 704 2453; baseline -0.004 -9"><span class='ocrx_word' id='word_1_297' title='bbox 166 2414 198 2444; x_wconf 75' lang='lat' dir='ltr'><em>P</em></span> <span class='ocrx_word' id='word_1_298' title='bbox 212 2414 275 2446; x_wconf 80' lang='lat' dir='ltr'>rell.</span> <span class='ocrx_word' id='word_1_299' title='bbox 291 2426 298 2446; x_wconf 77' lang='grc' dir='ltr'>ε</span> <span class='ocrx_word' id='word_1_300' title='bbox 325 2424 589 2453; x_wconf 82' lang='lat' dir='ltr'>magnorumque</span> <span class='ocrx_word' id='word_1_301' title='bbox 606 2425 622 2442; x_wconf 86' lang='lat' dir='ltr'>s</span> <span class='ocrx_word' id='word_1_302' title='bbox 638 2412 704 2443; x_wconf 77' lang='lat' dir='ltr'><em>edd.</em></span> 
     </span>
    </p>
   </div>
   <div class='ocr_carea' id='block_1_10' title="bbox 1531 157 1587 188">
    <p class='ocr_par' dir='ltr' id='par_1_11' title="bbox 1531 157 1587 188">
     <span class='ocr_line' id='line_1_42' title="bbox 1531 157 1587 188; baseline -0.018 -9"><span class='ocrx_word' id='word_1_303' title='bbox 1531 157 1587 188; x_wconf 84' lang='lat'>141</span> 
     </span>
    </p>
   </div>
   <div class='ocr_carea' id='block_1_11' title="bbox 1523 806 1577 843">
    <p class='ocr_par' dir='ltr' id='par_1_12' title="bbox 1523 806 1577 843">
     <span class='ocr_line' id='line_1_43' title="bbox 1523 806 1577 843; baseline 0 0"><span class='ocrx_word' id='word_1_304' title='bbox 1523 806 1577 843; x_wconf 89' lang='lat'>68</span> 
     </span>
    </p>
   </div>
   <div class='ocr_carea' id='block_1_12' title="bbox 1527 876 1583 906">
    <p class='ocr_par' dir='ltr' id='par_1_13' title="bbox 1527 876 1583 906">
     <span class='ocr_line' id='line_1_44' title="bbox 1527 876 1583 906; baseline -0.018 -9"><span class='ocrx_word' id='word_1_305' title='bbox 1527 876 1583 906; x_wconf 73' lang='lat'>¹42</span> 
     </span>
    </p>
   </div>
   <div class='ocr_carea' id='block_1_13' title="bbox 1525 1500 1583 1532">
    <p class='ocr_par' dir='ltr' id='par_1_14' title="bbox 1525 1500 1583 1532">
     <span class='ocr_line' id='line_1_45' title="bbox 1525 1500 1583 1532; baseline 0.034 -2"><span class='ocrx_word' id='word_1_306' title='bbox 1525 1500 1583 1532; x_wconf 74' lang='lat'>143</span> 
     </span>
    </p>
   </div>
  </div>
 </body>
</html>
