1774 2782
309 180 524 219 ORATIO
556 179 691 218 POST
722 179 987 216 REDITVM
1019 179 1096 215 AD
1129 178 1396 226 QVIRITES
1490 186 1514 214 2
1534 196 1550 227 5

188 288 498 338 magnitudinem
529 286 903 336 multitudinemque
935 286 1217 324 beneficiorum
1253 300 1353 336 quae
1384 286 1422 324 in
1453 300 1515 324 me

188 356 422 403 fratremque
437 366 568 391 meum
590 361 627 391 et
645 353 787 391 liberos
805 361 958 391 nostros
979 352 1197 391 contulistis
1214 366 1293 391 non
1317 354 1438 391 modo
1453 366 1517 390 au-

188 432 277 469 gere
297 427 363 456 aut
384 432 520 456 ornare
542 417 729 465 oratione,
749 420 818 457 sed
840 432 1068 456 enumerare
1089 426 1154 456 aut
1171 418 1360 467 consequi
1382 419 1513 468 possit.

188 485 223 521 A
244 482 480 532 parentibus,
504 482 544 520 id
570 483 679 532 quod
705 496 866 521 necesse
892 491 983 529 erat,
1006 496 1145 532 parvus
1168 496 1252 520 sum
1279 490 1514 532 procreatus,

151 561 168 592 5
187 561 210 586 a
230 547 340 586 vobis
362 555 475 585 natus
501 560 587 585 sum
608 547 833 585 consularis.
897 547 956 584 Illi
980 547 1074 584 mihi
1096 548 1250 585 fratrem
1274 546 1515 595 incognitum

189 613 312 662 qualis
337 613 487 651 futurus
518 621 619 651 esset
650 614 854 659 dederunt,
886 626 954 651 vos
985 620 1204 662 spectatum
1235 620 1273 650 et
1301 611 1516 649 incredibili

189 679 332 728 pietate
367 678 567 728 cognitum
603 677 838 716 reddidistis.
900 679 1002 715 Rem
1038 677 1237 727 publicam
1279 676 1352 714 illis
1385 677 1518 726 accepi

190 743 431 793 temporibus
459 756 545 781 eam
574 755 676 792 quae
706 756 831 792 paene
854 744 997 780 amissa
1024 750 1092 788 est,
1124 755 1146 780 a
1176 742 1287 779 vobis
1317 754 1403 779 eam
1430 741 1520 779 reci-

190 808 320 859 peravi
341 822 459 858 quam
485 808 698 857 aliquando
720 821 859 846 omnes
885 807 999 845 unius
1022 820 1140 856 opera
1161 814 1351 845 servatam
1377 805 1520 844 iudica-

134 889 171 910 10
190 882 338 912 verunt.
376 873 427 911 Di
444 873 683 911 immortales
702 872 796 910 mihi
814 872 956 911 liberos
974 873 1179 919 dederunt,
1198 885 1267 909 vos
1284 870 1518 910 reddidistis.

193 940 320 976 Multa
336 946 535 988 praeterea
554 952 576 976 a
597 938 657 977 dis
678 938 966 976 immortalibus
988 945 1121 987 optata
1137 936 1340 975 consecuti
1362 950 1496 974 sumus
1513 952 1519 974 :

191 1003 263 1041 nisi
285 1011 409 1041 vestra
429 1005 610 1041 voluntas
632 1003 776 1049 fuisset,
801 1002 986 1040 omnibus
1008 1002 1150 1040 divinis
1172 1001 1400 1039 muneribus
1422 1014 1522 1039 care-

191 1082 330 1107 remus.
391 1070 552 1107 Vestros
585 1068 758 1118 denique
794 1069 976 1114 honores,
1011 1081 1110 1117 quos
1143 1081 1296 1105 eramus
1331 1066 1521 1117 gradatim

192 1134 364 1183 singulos
385 1134 576 1180 adsecuti,
593 1147 698 1171 nunc
720 1147 741 1171 a
762 1133 874 1171 vobis
896 1133 1097 1171 universos
1119 1133 1322 1179 habemus,
1342 1140 1383 1169 ut
1404 1145 1522 1181 quan-

136 1214 170 1245 15
193 1207 278 1236 tum
300 1207 416 1237 antea
443 1199 679 1249 parentibus,
704 1207 896 1248 quantum
922 1198 981 1237 dis
1010 1198 1307 1244 immortalibus,
1331 1204 1522 1246 quantum

191 1263 390 1303 vobismet
414 1263 519 1314 ipsis,
542 1272 696 1302 tantum
724 1266 799 1302 hoc
828 1273 1006 1314 tempore
1032 1264 1256 1302 universum
1285 1270 1429 1301 cuncto
1458 1276 1524 1312 po-

192 1331 287 1380 pulo
308 1331 492 1368 Romano
513 1330 739 1369 debeamus.

248 1397 350 1433 Nam
373 1409 463 1433 cum
484 1394 523 1433 in
544 1395 630 1445 ipso
656 1395 850 1433 beneficio
871 1403 999 1433 vestro
1021 1402 1127 1432 tanta
1152 1394 1383 1444 magnitudo
1404 1401 1460 1431 est
1483 1402 1523 1431 ut
1545 1405 1562 1435 6

194 1473 282 1498 eam
294 1461 502 1510 complecti
518 1461 694 1498 oratione
706 1473 786 1498 non
802 1459 961 1509 possim,
972 1468 1054 1497 tum
1069 1459 1108 1496 in
1122 1458 1400 1497 studiisvestris
1418 1466 1525 1496 tanta

137 1542 177 1564 20
194 1527 413 1563 animorum
442 1527 637 1564 declarata
657 1533 714 1563 est
736 1527 915 1563 voluntas
941 1533 981 1562 ut
1001 1538 1081 1562 non
1110 1526 1236 1562 solum
1262 1523 1522 1562 calamitatem

195 1590 289 1627 mihi
329 1590 551 1637 detraxisse,
585 1591 654 1628 sed
690 1590 807 1628 etiam
847 1589 1078 1640 dignitatem
1114 1590 1265 1627 auxisse
1300 1589 1523 1627 videamini.

195 1657 288 1693 Non
320 1655 424 1694 enim
457 1669 526 1705 pro
566 1669 655 1693 meo
690 1655 817 1693 reditu
852 1662 894 1692 ut
930 1668 998 1704 pro
1036 1657 1076 1693 P.
1116 1656 1254 1704 Popili,
1290 1653 1523 1692 nobilissimi
1544 1665 1567 1701 3

194 1720 377 1767 hominis,
406 1721 678 1758 adulescentes
706 1720 774 1758 filii
799 1727 836 1759 et
866 1720 975 1757 multi
1004 1727 1203 1770 praeterea
1223 1719 1378 1769 cognati
1406 1727 1524 1768 atque

195 1787 347 1824 adfines
379 1786 574 1835 deprecati
608 1793 708 1832 sunt,
736 1799 816 1823 non
849 1793 890 1823 ut
918 1798 989 1834 pro
1020 1785 1070 1833 Q.
1104 1786 1277 1831 Metello,
1310 1784 1524 1822 clarissimo

137 1866 176 1897 25
197 1851 289 1898 viro,
320 1851 395 1889 iarn
422 1859 596 1901 spectata
622 1858 750 1890 aetate
775 1851 888 1897 filius,
916 1863 998 1888 non
1030 1851 1075 1888 L.
1103 1849 1361 1888 Diadematus
1388 1863 1526 1887 consu-

196 1916 295 1963 laris,
319 1930 471 1954 summa
491 1916 722 1955 auctoritate
742 1916 809 1963 vir,
833 1930 912 1954 non
935 1917 980 1954 C.
1005 1916 1190 1953 Metellus
1211 1914 1422 1961 censorius,
1446 1928 1524 1952 non

197 1994 331 2018 eorum
353 1980 474 2026 liberi,
498 1994 578 2018 non
607 1981 656 2028 Q.
680 1981 869 2019 Metellus
895 1981 1043 2029 Nepos,
1068 1979 1135 2029 qui
1164 1987 1246 2016 tum
1276 1980 1523 2017 consulatum

197 2045 365 2094 petebat,
391 2058 470 2082 non
498 2058 674 2083 sororum
700 2044 779 2091 filii,
804 2044 969 2090 Luculli,
997 2043 1157 2089 Servilii,
1186 2042 1414 2093 Scipiones,
1444 2057 1524 2093 per-

198 2109 309 2147 multi
323 2109 428 2148 enim
450 2118 533 2147 tum
556 2110 708 2148 Metelli
729 2116 797 2149 aut
816 2110 1067 2149 Metellarum
1088 2108 1198 2146 liberi
1219 2122 1289 2158 pro
1306 2112 1355 2158 Q.
1374 2109 1524 2146 Metelli

140 2189 179 2219 30
199 2175 324 2213 reditu
359 2175 469 2214 vobis
503 2189 549 2213 ac
579 2176 753 2225 patribus
783 2175 918 2213 vestris
953 2176 1278 2225 supplicaverunt.
1339 2176 1459 2223 Quod
1494 2174 1524 2211 si

245 2290 256 2309 1
286 2290 369 2319 quae
383 2290 398 2309 c
416 2279 470 2309 all.
490 2283 519 2310 et
532 2278 607 2310 add.
627 2290 651 2310 s.
672 2279 692 2310 l.
712 2279 768 2309 H:
794 2290 858 2318 qua
876 2278 917 2307 Ρι
935 2289 940 2308 :
964 2278 1029 2316 quii
1047 2277 1123 2308 ΒΣΙ)
1142 2278 1206 2309 rell.
1299 2278 1318 2307 8
1339 2277 1432 2307 vobis
1450 2287 1521 2306 eam

199 2322 236 2353 ks
249 2323 305 2354 all.
321 2333 329 2352 t
354 2322 427 2354 vob.
445 2323 509 2353 iam
523 2322 610 2354 codd.
622 2323 700 2363 pler.
773 2333 811 2353 12
836 2332 1027 2352 careremus
1041 2321 1091 2350 h2s
1104 2321 1158 2354 all.
1175 2333 1181 2352 :
1207 2321 1414 2352 caruerimus
1429 2319 1519 2350 codd.

194 2367 272 2407 pler.
292 2367 344 2407 (cf.
360 2367 488 2397 valeret
509 2371 523 2404 ξ
547 2368 602 2405 Ιο)
619 2378 625 2396 :
650 2367 875 2396 caruissemus
894 2365 954 2405 bkg
1081 2374 1118 2394 21
1145 2365 1342 2396 detraxistis
1361 2363 1439 2394 Gse:
1466 2363 1522 2393 de-

200 2411 373 2441 traxeritis
391 2411 420 2441 5*
561 2411 602 2440 26
625 2409 665 2448 Q.
691 2409 817 2440 Metell.
838 2409 918 2449 bksg
1057 2419 1098 2447 29
1123 2414 1177 2439 aut
1197 2409 1276 2440 Met.
1303 2432 1310 2440 .
1331 2432 1338 2440 .
1359 2431 1366 2438 .
1395 2406 1523 2437 Metelli

201 2466 225 2486 s.
251 2454 269 2485 l.
288 2453 349 2484 PQ:
375 2459 430 2484 aut
451 2454 530 2483 Met.
551 2452 606 2484 lib.
627 2453 685 2484 del.
704 2452 810 2483 Ilalm
947 2451 1156 2482 Metellarum
1179 2451 1260 2482 PBb
1278 2463 1285 2481 z
1310 2461 1416 2482 -orum
1435 2449 1522 2480 codd.

200 2498 275 2534 pler.
297 2498 344 2538 (iu
362 2496 438 2528 Sen.
460 2501 474 2534 ξ
494 2499 547 2535 37*
