<?xml version="1.0" encoding="UTF-8"?>
<!DOCTYPE html PUBLIC "-//W3C//DTD XHTML 1.0 Transitional//EN"
    "http://www.w3.org/TR/xhtml1/DTD/xhtml1-transitional.dtd">
<html xmlns="http://www.w3.org/1999/xhtml" xml:lang="en" lang="en">
 <head>
  <title>
</title>
<meta http-equiv="Content-Type" content="text/html;charset=utf-8" />
  <meta name='ocr-system' content='tesseract 3.04.00' />
  <meta name='ocr-capabilities' content='ocr_page ocr_carea ocr_par ocr_line ocrx_word'/>
</head>
<body>
  <div class='ocr_page' id='page_1' title='image "./orationesrecogno05ciceuoft/orationesrecogno05ciceuoft_0082.png"; bbox 0 0 1774 2782; ppageno 0'>
   <div class='ocr_carea' id='block_1_1' title="bbox 276 156 1291 208">
    <p class='ocr_par' dir='ltr' id='par_1_1' title="bbox 276 156 1291 208">
     <span class='ocr_line' id='line_1_1' title="bbox 276 156 1291 208; baseline -0.007 -10"><span class='ocrx_word' id='word_1_1' title='bbox 276 169 376 208; x_wconf 83' lang='lat'>3182</span> <span class='ocrx_word' id='word_1_2' title='bbox 440 205 443 207; x_wconf 17' lang='lat'>1</span> <span class='ocrx_word' id='word_1_3' title='bbox 696 160 749 195; x_wconf 84' lang='lat' dir='ltr'><strong>M.</strong></span> <span class='ocrx_word' id='word_1_4' title='bbox 783 158 950 194; x_wconf 78' lang='lat' dir='ltr'>TVLLI</span> <span class='ocrx_word' id='word_1_5' title='bbox 985 156 1291 195; x_wconf 71' lang='lat' dir='ltr'>CICERONIS</span> 
     </span>
    </p>
   </div>
   <div class='ocr_carea' id='block_1_2' title="bbox 265 1426 312 1462">
    <p class='ocr_par' dir='ltr' id='par_1_2' title="bbox 265 1426 312 1462">
     <span class='ocr_line' id='line_1_2' title="bbox 265 1426 312 1462; baseline 0 -11"><span class='ocrx_word' id='word_1_6' title='bbox 265 1426 312 1462; x_wconf 84' lang='lat'><strong>32</strong></span> 
     </span>
    </p>
   </div>
   <div class='ocr_carea' id='block_1_3' title="bbox 331 264 1661 2002">
    <p class='ocr_par' dir='ltr' id='par_1_3' title="bbox 331 264 1661 2002">
     <span class='ocr_line' id='line_1_3' title="bbox 334 264 1659 316; baseline -0.004 -8"><span class='ocrx_word' id='word_1_7' title='bbox 334 270 437 308; x_wconf 89' lang='lat' dir='ltr'><strong>enim</strong></span> <span class='ocrx_word' id='word_1_8' title='bbox 468 271 609 307; x_wconf 87' lang='lat' dir='ltr'><strong>tuleras</strong></span> <span class='ocrx_word' id='word_1_9' title='bbox 648 277 689 306; x_wconf 89' lang='lat' dir='ltr'><strong>ut</strong></span> <span class='ocrx_word' id='word_1_10' title='bbox 730 267 825 305; x_wconf 80' lang='lat' dir='ltr'><strong>mihi</strong></span> <span class='ocrx_word' id='word_1_11' title='bbox 865 280 967 316; x_wconf 87' lang='lat' dir='ltr'><strong>aqua</strong></span> <span class='ocrx_word' id='word_1_12' title='bbox 1003 274 1040 304; x_wconf 88' lang='lat' dir='ltr'><strong>et</strong></span> <span class='ocrx_word' id='word_1_13' title='bbox 1076 265 1153 315; x_wconf 84' lang='lat' dir='ltr'>igni</span> <span class='ocrx_word' id='word_1_14' title='bbox 1189 264 1511 304; x_wconf 82' lang='lat' dir='ltr'><strong>interdiceretur?</strong></span> <span class='ocrx_word' id='word_1_15' title='bbox 1552 266 1659 315; x_wconf 88' lang='lat' dir='ltr'><strong>quod</strong></span> 
     </span>
     <span class='ocr_line' id='line_1_4' title="bbox 335 329 1657 381; baseline -0.004 -8"><span class='ocrx_word' id='word_1_16' title='bbox 335 337 378 374; x_wconf 74' lang='lat' dir='ltr'><strong>(j.</strong></span> <span class='ocrx_word' id='word_1_17' title='bbox 403 335 604 373; x_wconf 79' lang='lat' dir='ltr'><strong>Gracchus</strong></span> <span class='ocrx_word' id='word_1_18' title='bbox 644 335 693 371; x_wconf 90' lang='lat' dir='ltr'><strong>de</strong></span> <span class='ocrx_word' id='word_1_19' title='bbox 734 334 775 370; x_wconf 89' lang='lat' dir='ltr'><strong>P.</strong></span> <span class='ocrx_word' id='word_1_20' title='bbox 814 331 982 381; x_wconf 84' lang='lat' dir='ltr'><strong>Popilio,</strong></span> <span class='ocrx_word' id='word_1_21' title='bbox 1015 332 1245 369; x_wconf 79' lang='lat' dir='ltr'><strong>Saturninus</strong></span> <span class='ocrx_word' id='word_1_22' title='bbox 1279 331 1330 368; x_wconf 91' lang='lat' dir='ltr'><strong>de</strong></span> <span class='ocrx_word' id='word_1_23' title='bbox 1366 332 1529 368; x_wconf 88' lang='lat' dir='ltr'><strong>Metello</strong></span> <span class='ocrx_word' id='word_1_24' title='bbox 1560 329 1657 376; x_wconf 88' lang='lat' dir='ltr'><strong>tulit,</strong></span> 
     </span>
     <span class='ocr_line' id='line_1_5' title="bbox 335 394 1660 446; baseline -0.002 -10"><span class='ocrx_word' id='word_1_25' title='bbox 335 399 513 437; x_wconf 83' lang='lat' dir='ltr'><strong>homines</strong></span> <span class='ocrx_word' id='word_1_26' title='bbox 554 397 838 436; x_wconf 80' lang='lat' dir='ltr'><strong>seditiosissimi</strong></span> <span class='ocrx_word' id='word_1_27' title='bbox 881 398 931 435; x_wconf 93' lang='lat' dir='ltr'><strong>de</strong></span> <span class='ocrx_word' id='word_1_28' title='bbox 962 396 1121 446; x_wconf 90' lang='lat' dir='ltr'><strong>optimis</strong></span> <span class='ocrx_word' id='word_1_29' title='bbox 1150 410 1196 434; x_wconf 85' lang='lat' dir='ltr'><strong>ac</strong></span> <span class='ocrx_word' id='word_1_30' title='bbox 1225 394 1443 433; x_wconf 84' lang='lat' dir='ltr'><strong>fortissimis</strong></span> <span class='ocrx_word' id='word_1_31' title='bbox 1484 395 1660 434; x_wconf 88' lang='lat' dir='ltr'><strong>civibus:</strong></span> 
     </span>
     <span class='ocr_line' id='line_1_6' title="bbox 334 462 1658 511; baseline -0.002 -11"><span class='ocrx_word' id='word_1_32' title='bbox 334 477 412 501; x_wconf 86' lang='lat' dir='ltr'><strong>non</strong></span> <span class='ocrx_word' id='word_1_33' title='bbox 439 471 479 501; x_wconf 91' lang='lat' dir='ltr'><strong>ut</strong></span> <span class='ocrx_word' id='word_1_34' title='bbox 506 471 606 501; x_wconf 85' lang='lat' dir='ltr'><strong>esset</strong></span> <span class='ocrx_word' id='word_1_35' title='bbox 633 462 895 508; x_wconf 85' lang='lat' dir='ltr'><strong>interdictum,</strong></span> <span class='ocrx_word' id='word_1_36' title='bbox 927 462 1034 511; x_wconf 88' lang='lat' dir='ltr'><strong>quod</strong></span> <span class='ocrx_word' id='word_1_37' title='bbox 1064 462 1150 498; x_wconf 84' lang='lat' dir='ltr'><strong>ferri</strong></span> <span class='ocrx_word' id='word_1_38' title='bbox 1178 474 1259 498; x_wconf 92' lang='lat' dir='ltr'><strong>non</strong></span> <span class='ocrx_word' id='word_1_39' title='bbox 1292 468 1453 510; x_wconf 86' lang='lat' dir='ltr'><strong>poterat,</strong></span> <span class='ocrx_word' id='word_1_40' title='bbox 1478 462 1658 507; x_wconf 87' lang='lat' dir='ltr'><strong>tulerunt,</strong></span> 
     </span>
     <span class='ocr_line' id='line_1_7' title="bbox 335 524 1661 566; baseline -0.002 0"><span class='ocrx_word' id='word_1_41' title='bbox 335 528 404 566; x_wconf 88' lang='lat' dir='ltr'><strong>sed</strong></span> <span class='ocrx_word' id='word_1_42' title='bbox 431 535 471 565; x_wconf 91' lang='lat' dir='ltr'><strong>ut</strong></span> <span class='ocrx_word' id='word_1_43' title='bbox 504 526 807 565; x_wconf 83' lang='lat' dir='ltr'><strong>interdiceretur.</strong></span> <span class='ocrx_word' id='word_1_44' title='bbox 867 525 946 563; x_wconf 87' lang='lat' dir='ltr'><strong>Vbi</strong></span> <span class='ocrx_word' id='word_1_45' title='bbox 973 524 1108 563; x_wconf 84' lang='lat' dir='ltr'><strong>cavisti</strong></span> <span class='ocrx_word' id='word_1_46' title='bbox 1137 538 1187 562; x_wconf 90' lang='lat' dir='ltr'><strong>ne</strong></span> <span class='ocrx_word' id='word_1_47' title='bbox 1215 538 1306 563; x_wconf 90' lang='lat' dir='ltr'><strong>meo</strong></span> <span class='ocrx_word' id='word_1_48' title='bbox 1330 538 1394 563; x_wconf 86' lang='lat' dir='ltr'><strong>me</strong></span> <span class='ocrx_word' id='word_1_49' title='bbox 1415 526 1503 562; x_wconf 91' lang='lat' dir='ltr'><strong>loco</strong></span> <span class='ocrx_word' id='word_1_50' title='bbox 1522 538 1661 563; x_wconf 88' lang='lat' dir='ltr'><strong>censor</strong></span> 
     </span>
     <span class='ocr_line' id='line_1_8' title="bbox 335 589 1661 641; baseline -0.003 -11"><span class='ocrx_word' id='word_1_51' title='bbox 335 593 373 630; x_wconf 91' lang='lat' dir='ltr'><strong>in</strong></span> <span class='ocrx_word' id='word_1_52' title='bbox 395 601 573 630; x_wconf 88' lang='lat' dir='ltr'><strong>senatum</strong></span> <span class='ocrx_word' id='word_1_53' title='bbox 600 593 774 641; x_wconf 82' lang='lat' dir='ltr'><strong>legeret?</strong></span> <span class='ocrx_word' id='word_1_54' title='bbox 804 592 913 639; x_wconf 87' lang='lat' dir='ltr'><strong>quod</strong></span> <span class='ocrx_word' id='word_1_55' title='bbox 941 591 991 628; x_wconf 93' lang='lat' dir='ltr'><strong>de</strong></span> <span class='ocrx_word' id='word_1_56' title='bbox 1019 589 1218 636; x_wconf 85' lang='lat' dir='ltr'><strong>omnibus,</strong></span> <span class='ocrx_word' id='word_1_57' title='bbox 1241 589 1359 627; x_wconf 87' lang='lat' dir='ltr'><strong>etiam</strong></span> <span class='ocrx_word' id='word_1_58' title='bbox 1386 589 1529 640; x_wconf 89' lang='lat' dir='ltr'><strong>quibus</strong></span> <span class='ocrx_word' id='word_1_59' title='bbox 1554 591 1661 627; x_wconf 87' lang='lat' dir='ltr'><strong>dam-</strong></span> 
     </span>
     <span class='ocr_line' id='line_1_9' title="bbox 335 654 1660 704; baseline -0.003 -9"><span class='ocrx_word' id='word_1_60' title='bbox 335 657 434 695; x_wconf 85' lang='lat' dir='ltr'><strong>natis</strong></span> <span class='ocrx_word' id='word_1_61' title='bbox 455 657 703 695; x_wconf 88' lang='lat' dir='ltr'><strong>interdictum</strong></span> <span class='ocrx_word' id='word_1_62' title='bbox 726 664 794 702; x_wconf 87' lang='lat' dir='ltr'><strong>est,</strong></span> <span class='ocrx_word' id='word_1_63' title='bbox 818 656 1006 704; x_wconf 88' lang='lat' dir='ltr'><strong>scriptum</strong></span> <span class='ocrx_word' id='word_1_64' title='bbox 1024 663 1081 692; x_wconf 88' lang='lat' dir='ltr'><strong>est</strong></span> <span class='ocrx_word' id='word_1_65' title='bbox 1104 654 1142 692; x_wconf 93' lang='lat' dir='ltr'><strong>in</strong></span> <span class='ocrx_word' id='word_1_66' title='bbox 1164 654 1326 704; x_wconf 83' lang='lat' dir='ltr'><strong>legibus.</strong></span> <span class='ocrx_word' id='word_1_67' title='bbox 1388 656 1543 704; x_wconf 81' lang='lat' dir='ltr'><strong>Quaere</strong></span> <span class='ocrx_word' id='word_1_68' title='bbox 1563 655 1660 691; x_wconf 85' lang='lat' dir='ltr'><strong>haec</strong></span> 
     </span>
     <span class='ocr_line' id='line_1_10' title="bbox 334 718 1661 771; baseline -0.003 -11"><span class='ocrx_word' id='word_1_69' title='bbox 334 736 378 760; x_wconf 84' lang='lat' dir='ltr'><strong>ex</strong></span> <span class='ocrx_word' id='word_1_70' title='bbox 420 721 573 767; x_wconf 88' lang='lat' dir='ltr'><strong>Clodio,</strong></span> <span class='ocrx_word' id='word_1_71' title='bbox 606 720 793 771; x_wconf 85' lang='lat' dir='ltr'><strong>scriptore</strong></span> <span class='ocrx_word' id='word_1_72' title='bbox 834 721 965 770; x_wconf 82' lang='lat' dir='ltr'><strong>legum</strong></span> <span class='ocrx_word' id='word_1_73' title='bbox 995 727 1162 766; x_wconf 87' lang='lat' dir='ltr'><strong>tuarum,</strong></span> <span class='ocrx_word' id='word_1_74' title='bbox 1195 719 1288 758; x_wconf 89' lang='lat' dir='ltr'><strong>iube</strong></span> <span class='ocrx_word' id='word_1_75' title='bbox 1327 721 1495 768; x_wconf 81' lang='lat' dir='ltr'><strong>adesse3</strong></span> <span class='ocrx_word' id='word_1_76' title='bbox 1537 718 1661 756; x_wconf 86' lang='lat' dir='ltr'><strong>latitat</strong></span> 
     </span>
     <span class='ocr_line' id='line_1_11' title="bbox 334 783 1660 834; baseline -0.002 -11"><span class='ocrx_word' id='word_1_77' title='bbox 334 787 507 831; x_wconf 87' lang='lat' dir='ltr'><strong>omnino,</strong></span> <span class='ocrx_word' id='word_1_78' title='bbox 542 787 622 833; x_wconf 91' lang='lat' dir='ltr'><strong>sed,</strong></span> <span class='ocrx_word' id='word_1_79' title='bbox 653 785 682 823; x_wconf 86' lang='lat' dir='ltr'><strong>si</strong></span> <span class='ocrx_word' id='word_1_80' title='bbox 714 784 855 834; x_wconf 83' lang='lat' dir='ltr'><strong>requiri</strong></span> <span class='ocrx_word' id='word_1_81' title='bbox 886 784 1054 831; x_wconf 88' lang='lat' dir='ltr'><strong>iusseris,</strong></span> <span class='ocrx_word' id='word_1_82' title='bbox 1086 783 1290 824; x_wconf 90' lang='lat' dir='ltr'><strong>invenient</strong></span> <span class='ocrx_word' id='word_1_83' title='bbox 1319 784 1522 823; x_wconf 86' lang='lat' dir='ltr'><strong>hominem</strong></span> <span class='ocrx_word' id='word_1_84' title='bbox 1553 784 1660 834; x_wconf 88' lang='lat' dir='ltr'><strong>apud</strong></span> 
     </span>
     <span class='ocr_line' id='line_1_12' title="bbox 334 848 1659 901; baseline -0.002 -12"><span class='ocrx_word' id='word_1_85' title='bbox 334 865 504 889; x_wconf 89' lang='lat' dir='ltr'><strong>sororem</strong></span> <span class='ocrx_word' id='word_1_86' title='bbox 521 858 629 888; x_wconf 89' lang='lat' dir='ltr'><strong>tuam</strong></span> <span class='ocrx_word' id='word_1_87' title='bbox 649 851 914 888; x_wconf 82' lang='lat' dir='ltr'><strong>occultantem</strong></span> <span class='ocrx_word' id='word_1_88' title='bbox 930 863 972 888; x_wconf 88' lang='lat' dir='ltr'><strong>se</strong></span> <span class='ocrx_word' id='word_1_89' title='bbox 986 849 1115 899; x_wconf 85' lang='lat' dir='ltr'><strong>capite</strong></span> <span class='ocrx_word' id='word_1_90' title='bbox 1128 848 1313 888; x_wconf 89' lang='lat' dir='ltr'><strong>demisso.</strong></span> <span class='ocrx_word' id='word_1_91' title='bbox 1372 851 1449 888; x_wconf 87' lang='lat' dir='ltr'><strong>Sed</strong></span> <span class='ocrx_word' id='word_1_92' title='bbox 1465 851 1494 888; x_wconf 86' lang='lat' dir='ltr'><strong>si</strong></span> <span class='ocrx_word' id='word_1_93' title='bbox 1508 858 1659 901; x_wconf 89' lang='lat' dir='ltr'><strong>patrem</strong></span> 
     </span>
     <span class='ocr_line' id='line_1_13' title="bbox 334 913 1659 964; baseline -0.001 -11"><span class='ocrx_word' id='word_1_94' title='bbox 334 925 455 961; x_wconf 84' lang='lat' dir='ltr'><strong>tuum,</strong></span> <span class='ocrx_word' id='word_1_95' title='bbox 478 915 602 953; x_wconf 80' lang='lat' dir='ltr'><strong>civem</strong></span> <span class='ocrx_word' id='word_1_96' title='bbox 636 914 791 953; x_wconf 90' lang='lat' dir='ltr'><strong>medius</strong></span> <span class='ocrx_word' id='word_1_97' title='bbox 823 916 938 953; x_wconf 86' lang='lat' dir='ltr'><strong>fidius</strong></span> <span class='ocrx_word' id='word_1_98' title='bbox 963 914 1163 964; x_wconf 79' lang='lat' dir='ltr'><strong>egregium</strong></span> <span class='ocrx_word' id='word_1_99' title='bbox 1193 913 1505 964; x_wconf 79' lang='lat' dir='ltr'><strong>dissimilemque</strong></span> <span class='ocrx_word' id='word_1_100' title='bbox 1531 914 1659 963; x_wconf 88' lang='lat' dir='ltr'><strong>vestri,</strong></span> 
     </span>
     <span class='ocr_line' id='line_1_14' title="bbox 335 979 1661 1029; baseline 0.002 -12"><span class='ocrx_word' id='word_1_101' title='bbox 335 993 451 1018; x_wconf 86' lang='lat' dir='ltr'><strong>nemo</strong></span> <span class='ocrx_word' id='word_1_102' title='bbox 478 993 666 1029; x_wconf 87' lang='lat' dir='ltr'><strong>umquam</strong></span> <span class='ocrx_word' id='word_1_103' title='bbox 698 993 817 1017; x_wconf 85' lang='lat' dir='ltr'><strong>sanus</strong></span> <span class='ocrx_word' id='word_1_104' title='bbox 848 981 1025 1017; x_wconf 76' lang='lat' dir='ltr'><strong>exsulem</strong></span> <span class='ocrx_word' id='word_1_105' title='bbox 1050 980 1276 1029; x_wconf 85' lang='lat' dir='ltr'><strong>appellavit,</strong></span> <span class='ocrx_word' id='word_1_106' title='bbox 1308 979 1386 1029; x_wconf 83' lang='lat' dir='ltr'><strong>qui,</strong></span> <span class='ocrx_word' id='word_1_107' title='bbox 1413 993 1503 1018; x_wconf 91' lang='lat' dir='ltr'><strong>cum</strong></span> <span class='ocrx_word' id='word_1_108' title='bbox 1529 981 1580 1019; x_wconf 87' lang='lat' dir='ltr'><strong>de</strong></span> <span class='ocrx_word' id='word_1_109' title='bbox 1613 994 1661 1018; x_wconf 93' lang='lat' dir='ltr'><strong>eo</strong></span> 
     </span>
     <span class='ocr_line' id='line_1_15' title="bbox 336 1044 1659 1095; baseline 0 -13"><span class='ocrx_word' id='word_1_110' title='bbox 336 1046 512 1083; x_wconf 87' lang='lat' dir='ltr'><strong>tribunus</strong></span> <span class='ocrx_word' id='word_1_111' title='bbox 548 1044 672 1094; x_wconf 82' lang='lat' dir='ltr'><strong>plebis</strong></span> <span class='ocrx_word' id='word_1_112' title='bbox 708 1046 1007 1095; x_wconf 79' lang='lat' dir='ltr'><strong>promulgasset,</strong></span> <span class='ocrx_word' id='word_1_113' title='bbox 1043 1046 1182 1083; x_wconf 78' lang='lat' dir='ltr'><strong>adesse</strong></span> <span class='ocrx_word' id='word_1_114' title='bbox 1216 1052 1374 1095; x_wconf 89' lang='lat' dir='ltr'><strong>propter</strong></span> <span class='ocrx_word' id='word_1_115' title='bbox 1412 1044 1659 1095; x_wconf 89' lang='lat' dir='ltr'><strong>iniquitatem</strong></span> 
     </span>
     <span class='ocr_line' id='line_1_16' title="bbox 333 1109 1658 1160; baseline 0.002 -14"><span class='ocrx_word' id='word_1_116' title='bbox 333 1109 433 1147; x_wconf 90' lang='lat' dir='ltr'><strong>illius</strong></span> <span class='ocrx_word' id='word_1_117' title='bbox 451 1109 620 1148; x_wconf 85' lang='lat' dir='ltr'><strong>Cinnani</strong></span> <span class='ocrx_word' id='word_1_118' title='bbox 636 1109 825 1158; x_wconf 90' lang='lat' dir='ltr'><strong>temporis</strong></span> <span class='ocrx_word' id='word_1_119' title='bbox 843 1109 982 1157; x_wconf 86' lang='lat' dir='ltr'><strong>noluit,</strong></span> <span class='ocrx_word' id='word_1_120' title='bbox 1001 1111 1118 1160; x_wconf 89' lang='lat' dir='ltr'><strong>eique</strong></span> <span class='ocrx_word' id='word_1_121' title='bbox 1131 1109 1336 1160; x_wconf 86' lang='lat' dir='ltr'><strong>imperium</strong></span> <span class='ocrx_word' id='word_1_122' title='bbox 1358 1117 1415 1147; x_wconf 89' lang='lat' dir='ltr'><strong>est</strong></span> <span class='ocrx_word' id='word_1_123' title='bbox 1427 1111 1658 1160; x_wconf 83' lang='lat' dir='ltr'><strong>abrogatum</strong></span> 
     </span>
     <span class='ocr_line' id='line_1_17' title="bbox 333 1173 1659 1224; baseline 0 -13"><span class='ocrx_word' id='word_1_124' title='bbox 333 1175 414 1212; x_wconf 89' lang='lat' dir='ltr'><strong>—si</strong></span> <span class='ocrx_word' id='word_1_125' title='bbox 439 1174 476 1212; x_wconf 94' lang='lat' dir='ltr'><strong>in</strong></span> <span class='ocrx_word' id='word_1_126' title='bbox 505 1174 570 1211; x_wconf 92' lang='lat' dir='ltr'><strong>illo</strong></span> <span class='ocrx_word' id='word_1_127' title='bbox 591 1188 720 1223; x_wconf 85' lang='lat' dir='ltr'><strong>poena</strong></span> <span class='ocrx_word' id='word_1_128' title='bbox 741 1174 914 1224; x_wconf 82' lang='lat' dir='ltr'><strong>legitima</strong></span> <span class='ocrx_word' id='word_1_129' title='bbox 935 1173 1219 1224; x_wconf 84' lang='lat' dir='ltr'><strong>turpitudinem</strong></span> <span class='ocrx_word' id='word_1_130' title='bbox 1242 1187 1322 1211; x_wconf 87' lang='lat' dir='ltr'><strong>non</strong></span> <span class='ocrx_word' id='word_1_131' title='bbox 1344 1174 1481 1212; x_wconf 84' lang='lat' dir='ltr'><strong>habuit</strong></span> <span class='ocrx_word' id='word_1_132' title='bbox 1502 1182 1659 1224; x_wconf 86' lang='lat' dir='ltr'><strong>propter</strong></span> 
     </span>
     <span class='ocr_line' id='line_1_18' title="bbox 332 1238 1659 1288; baseline 0 -12"><span class='ocrx_word' id='word_1_133' title='bbox 332 1239 408 1276; x_wconf 84' lang='lat' dir='ltr'><strong>vim</strong></span> <span class='ocrx_word' id='word_1_134' title='bbox 431 1247 663 1288; x_wconf 87' lang='lat' dir='ltr'><strong>temporum,</strong></span> <span class='ocrx_word' id='word_1_135' title='bbox 688 1238 727 1277; x_wconf 87' lang='lat' dir='ltr'><strong>in</strong></span> <span class='ocrx_word' id='word_1_136' title='bbox 744 1252 820 1286; x_wconf 85' lang='lat' dir='ltr'><strong>me,</strong></span> <span class='ocrx_word' id='word_1_137' title='bbox 841 1239 904 1276; x_wconf 92' lang='lat' dir='ltr'><strong>cui</strong></span> <span class='ocrx_word' id='word_1_138' title='bbox 927 1239 1011 1277; x_wconf 88' lang='lat' dir='ltr'><strong>dies</strong></span> <span class='ocrx_word' id='word_1_139' title='bbox 1031 1239 1138 1277; x_wconf 90' lang='lat' dir='ltr'><strong>dicta</strong></span> <span class='ocrx_word' id='word_1_140' title='bbox 1153 1252 1370 1288; x_wconf 80' lang='lat' dir='ltr'><strong>numquam</strong></span> <span class='ocrx_word' id='word_1_141' title='bbox 1391 1246 1462 1285; x_wconf 85' lang='lat' dir='ltr'><strong>est,</strong></span> <span class='ocrx_word' id='word_1_142' title='bbox 1485 1239 1552 1288; x_wconf 86' lang='lat' dir='ltr'><strong>qui</strong></span> <span class='ocrx_word' id='word_1_143' title='bbox 1573 1252 1659 1277; x_wconf 89' lang='lat' dir='ltr'><strong>reus</strong></span> 
     </span>
     <span class='ocr_line' id='line_1_19' title="bbox 333 1303 1660 1354; baseline 0 -13"><span class='ocrx_word' id='word_1_144' title='bbox 333 1317 412 1342; x_wconf 92' lang='lat' dir='ltr'><strong>non</strong></span> <span class='ocrx_word' id='word_1_145' title='bbox 434 1304 498 1350; x_wconf 88' lang='lat' dir='ltr'><strong>fui,</strong></span> <span class='ocrx_word' id='word_1_146' title='bbox 524 1303 591 1353; x_wconf 91' lang='lat' dir='ltr'><strong>qui</strong></span> <span class='ocrx_word' id='word_1_147' title='bbox 607 1317 825 1353; x_wconf 81' lang='lat' dir='ltr'><strong>numquam</strong></span> <span class='ocrx_word' id='word_1_148' title='bbox 844 1317 930 1341; x_wconf 82' lang='lat' dir='ltr'><strong>sum</strong></span> <span class='ocrx_word' id='word_1_149' title='bbox 951 1318 974 1341; x_wconf 90' lang='lat' dir='ltr'><strong>a</strong></span> <span class='ocrx_word' id='word_1_150' title='bbox 996 1303 1155 1342; x_wconf 88' lang='lat' dir='ltr'><strong>tribuno</strong></span> <span class='ocrx_word' id='word_1_151' title='bbox 1174 1303 1301 1354; x_wconf 89' lang='lat' dir='ltr'><strong>plebis</strong></span> <span class='ocrx_word' id='word_1_152' title='bbox 1317 1303 1468 1350; x_wconf 86' lang='lat' dir='ltr'><strong>citatus,</strong></span> <span class='ocrx_word' id='word_1_153' title='bbox 1485 1303 1660 1342; x_wconf 83' lang='lat' dir='ltr'><strong>damnati</strong></span> 
     </span>
     <span class='ocr_line' id='line_1_20' title="bbox 332 1368 1660 1419; baseline -0.001 -12"><span class='ocrx_word' id='word_1_154' title='bbox 332 1382 461 1419; x_wconf 85' lang='lat' dir='ltr'><strong>poena</strong></span> <span class='ocrx_word' id='word_1_155' title='bbox 489 1382 574 1407; x_wconf 86' lang='lat' dir='ltr'><strong>esse</strong></span> <span class='ocrx_word' id='word_1_156' title='bbox 604 1369 743 1419; x_wconf 81' lang='lat' dir='ltr'><strong>potuit,</strong></span> <span class='ocrx_word' id='word_1_157' title='bbox 772 1383 817 1407; x_wconf 86' lang='lat' dir='ltr'><strong>ea</strong></span> <span class='ocrx_word' id='word_1_158' title='bbox 848 1369 1075 1418; x_wconf 82' lang='lat' dir='ltr'><strong>praesertim</strong></span> <span class='ocrx_word' id='word_1_159' title='bbox 1106 1382 1207 1419; x_wconf 84' lang='lat' dir='ltr'><strong>quae</strong></span> <span class='ocrx_word' id='word_1_160' title='bbox 1236 1382 1286 1406; x_wconf 90' lang='lat' dir='ltr'><strong>ne</strong></span> <span class='ocrx_word' id='word_1_161' title='bbox 1316 1368 1356 1406; x_wconf 90' lang='lat' dir='ltr'><strong>in</strong></span> <span class='ocrx_word' id='word_1_162' title='bbox 1386 1368 1469 1418; x_wconf 89' lang='lat' dir='ltr'><strong>ipsa</strong></span> <span class='ocrx_word' id='word_1_163' title='bbox 1497 1368 1660 1418; x_wconf 87' lang='lat' dir='ltr'><strong>quidem</strong></span> 
     </span>
     <span class='ocr_line' id='line_1_21' title="bbox 332 1433 1657 1484; baseline -0.001 -13"><span class='ocrx_word' id='word_1_164' title='bbox 332 1433 531 1483; x_wconf 81' lang='lat' dir='ltr'><strong>rogatione</strong></span> <span class='ocrx_word' id='word_1_165' title='bbox 553 1434 789 1484; x_wconf 85' lang='lat' dir='ltr'><strong>praescripta</strong></span> <span class='ocrx_word' id='word_1_166' title='bbox 810 1435 901 1472; x_wconf 79' lang='lat' dir='ltr'><strong>est?</strong></span> <span class='ocrx_word' id='word_1_167' title='bbox 956 1435 1018 1471; x_wconf 88' lang='lat' dir='ltr'><strong>Ac</strong></span> <span class='ocrx_word' id='word_1_168' title='bbox 1032 1433 1122 1472; x_wconf 87' lang='lat' dir='ltr'><strong>vide</strong></span> <span class='ocrx_word' id='word_1_169' title='bbox 1143 1433 1239 1483; x_wconf 82' lang='lat' dir='ltr'><strong>quid</strong></span> <span class='ocrx_word' id='word_1_170' title='bbox 1260 1433 1408 1472; x_wconf 88' lang='lat' dir='ltr'><strong>intersit</strong></span> <span class='ocrx_word' id='word_1_171' title='bbox 1429 1433 1528 1471; x_wconf 87' lang='lat' dir='ltr'><strong>inter</strong></span> <span class='ocrx_word' id='word_1_172' title='bbox 1550 1433 1657 1471; x_wconf 89' lang='lat' dir='ltr'><strong>illum</strong></span> 
     </span>
     <span class='ocr_line' id='line_1_22' title="bbox 332 1498 1658 1548; baseline 0.001 -12"><span class='ocrx_word' id='word_1_173' title='bbox 332 1498 618 1548; x_wconf 87' lang='lat' dir='ltr'><strong>iniquissimum</strong></span> <span class='ocrx_word' id='word_1_174' title='bbox 641 1498 759 1548; x_wconf 84' lang='lat' dir='ltr'><strong>patris</strong></span> <span class='ocrx_word' id='word_1_175' title='bbox 789 1498 844 1536; x_wconf 90' lang='lat' dir='ltr'><strong>tui</strong></span> <span class='ocrx_word' id='word_1_176' title='bbox 876 1512 1009 1536; x_wconf 89' lang='lat' dir='ltr'><strong>casum</strong></span> <span class='ocrx_word' id='word_1_177' title='bbox 1040 1506 1078 1537; x_wconf 86' lang='lat' dir='ltr'><strong>et</strong></span> <span class='ocrx_word' id='word_1_178' title='bbox 1113 1499 1215 1536; x_wconf 72' lang='lat' dir='ltr'><strong>lianc</strong></span> <span class='ocrx_word' id='word_1_179' title='bbox 1246 1500 1439 1536; x_wconf 86' lang='lat' dir='ltr'><strong>fortunam</strong></span> <span class='ocrx_word' id='word_1_180' title='bbox 1461 1498 1658 1538; x_wconf 88' lang='lat' dir='ltr'><strong>condicio-</strong></span> 
     </span>
     <span class='ocr_line' id='line_1_23' title="bbox 331 1563 1659 1614; baseline 0.001 -13"><span class='ocrx_word' id='word_1_181' title='bbox 331 1577 502 1613; x_wconf 86' lang='lat' dir='ltr'><strong>nemque</strong></span> <span class='ocrx_word' id='word_1_182' title='bbox 524 1572 707 1602; x_wconf 86' lang='lat' dir='ltr'><strong>nostram.</strong></span> <span class='ocrx_word' id='word_1_183' title='bbox 769 1566 924 1602; x_wconf 85' lang='lat' dir='ltr'><strong>Patrem</strong></span> <span class='ocrx_word' id='word_1_184' title='bbox 948 1572 1071 1611; x_wconf 88' lang='lat' dir='ltr'><strong>tuum,</strong></span> <span class='ocrx_word' id='word_1_185' title='bbox 1088 1563 1212 1602; x_wconf 90' lang='lat' dir='ltr'><strong>civem</strong></span> <span class='ocrx_word' id='word_1_186' title='bbox 1236 1563 1659 1614; x_wconf 80' lang='lat' dir='ltr'><strong>optimum‚clarissi1·ni</strong></span> 
     </span>
     <span class='ocr_line' id='line_1_24' title="bbox 331 1628 1660 1678; baseline 0 -12"><span class='ocrx_word' id='word_1_187' title='bbox 331 1629 398 1666; x_wconf 75' lang='lat' dir='ltr'><strong>viri</strong></span> <span class='ocrx_word' id='word_1_188' title='bbox 422 1629 555 1676; x_wconf 86' lang='lat' dir='ltr'><strong>filium,</strong></span> <span class='ocrx_word' id='word_1_189' title='bbox 577 1629 641 1678; x_wconf 92' lang='lat' dir='ltr'><strong>qui</strong></span> <span class='ocrx_word' id='word_1_190' title='bbox 665 1629 693 1667; x_wconf 89' lang='lat' dir='ltr'><strong>si</strong></span> <span class='ocrx_word' id='word_1_191' title='bbox 716 1629 872 1675; x_wconf 83' lang='lat' dir='ltr'><strong>viveret,</strong></span> <span class='ocrx_word' id='word_1_192' title='bbox 891 1643 969 1678; x_wconf 89' lang='lat' dir='ltr'><strong>qua</strong></span> <span class='ocrx_word' id='word_1_193' title='bbox 990 1629 1194 1667; x_wconf 86' lang='lat' dir='ltr'><strong>severitate</strong></span> <span class='ocrx_word' id='word_1_194' title='bbox 1215 1628 1297 1676; x_wconf 80' lang='lat' dir='ltr'><strong>fuit,</strong></span> <span class='ocrx_word' id='word_1_195' title='bbox 1320 1637 1361 1666; x_wconf 87' lang='lat' dir='ltr'><strong>tu</strong></span> <span class='ocrx_word' id='word_1_196' title='bbox 1382 1630 1559 1678; x_wconf 83' lang='lat' dir='ltr'><strong>profecto</strong></span> <span class='ocrx_word' id='word_1_197' title='bbox 1578 1642 1660 1667; x_wconf 90' lang='lat' dir='ltr'><strong>non</strong></span> 
     </span>
     <span class='ocr_line' id='line_1_25' title="bbox 331 1693 1658 1746; baseline 0 -14"><span class='ocrx_word' id='word_1_198' title='bbox 331 1694 489 1742; x_wconf 79' lang='lat' dir='ltr'><strong>viveres,</strong></span> <span class='ocrx_word' id='word_1_199' title='bbox 517 1697 560 1732; x_wconf 92' lang='lat' dir='ltr'><strong>L.</strong></span> <span class='ocrx_word' id='word_1_200' title='bbox 593 1695 797 1746; x_wconf 80' lang='lat' dir='ltr'><strong>Philippus</strong></span> <span class='ocrx_word' id='word_1_201' title='bbox 826 1709 967 1733; x_wconf 86' lang='lat' dir='ltr'><strong>censor</strong></span> <span class='ocrx_word' id='word_1_202' title='bbox 993 1697 1231 1733; x_wconf 83' lang='lat' dir='ltr'><strong>avunculum</strong></span> <span class='ocrx_word' id='word_1_203' title='bbox 1265 1709 1379 1733; x_wconf 91' lang='lat' dir='ltr'><strong>suum</strong></span> <span class='ocrx_word' id='word_1_204' title='bbox 1405 1694 1601 1745; x_wconf 87' lang='lat' dir='ltr'><strong>praeteriit</strong></span> <span class='ocrx_word' id='word_1_205' title='bbox 1616 1693 1658 1733; x_wconf 80' lang='lat' dir='ltr'><strong>in</strong></span> 
     </span>
     <span class='ocr_line' id='line_1_26' title="bbox 332 1760 1659 1810; baseline 0.002 -14"><span class='ocrx_word' id='word_1_206' title='bbox 332 1760 533 1798; x_wconf 90' lang='lat' dir='ltr'><strong>recitando</strong></span> <span class='ocrx_word' id='word_1_207' title='bbox 555 1768 704 1798; x_wconf 89' lang='lat' dir='ltr'><strong>senatu.</strong></span> <span class='ocrx_word' id='word_1_208' title='bbox 747 1760 854 1798; x_wconf 90' lang='lat' dir='ltr'><strong>Nihil</strong></span> <span class='ocrx_word' id='word_1_209' title='bbox 868 1760 972 1799; x_wconf 87' lang='lat' dir='ltr'><strong>enim</strong></span> <span class='ocrx_word' id='word_1_210' title='bbox 996 1768 1147 1809; x_wconf 85' lang='lat' dir='ltr'><strong>poterat</strong></span> <span class='ocrx_word' id='word_1_211' title='bbox 1169 1760 1299 1799; x_wconf 88' lang='lat' dir='ltr'><strong>dicere</strong></span> <span class='ocrx_word' id='word_1_212' title='bbox 1320 1774 1397 1810; x_wconf 88' lang='lat' dir='ltr'><strong>qua</strong></span> <span class='ocrx_word' id='word_1_213' title='bbox 1418 1774 1457 1799; x_wconf 91' lang='lat' dir='ltr'><strong>re</strong></span> <span class='ocrx_word' id='word_1_214' title='bbox 1477 1768 1558 1798; x_wconf 86' lang='lat' dir='ltr'><strong>rata</strong></span> <span class='ocrx_word' id='word_1_215' title='bbox 1578 1773 1659 1798; x_wconf 89' lang='lat' dir='ltr'><strong>non</strong></span> 
     </span>
     <span class='ocr_line' id='line_1_27' title="bbox 331 1824 1660 1876; baseline 0.001 -13"><span class='ocrx_word' id='word_1_216' title='bbox 331 1833 461 1864; x_wconf 88' lang='lat' dir='ltr'><strong>essent</strong></span> <span class='ocrx_word' id='word_1_217' title='bbox 482 1840 582 1875; x_wconf 89' lang='lat' dir='ltr'><strong>quae</strong></span> <span class='ocrx_word' id='word_1_218' title='bbox 603 1835 712 1864; x_wconf 88' lang='lat' dir='ltr'><strong>erant</strong></span> <span class='ocrx_word' id='word_1_219' title='bbox 733 1835 819 1863; x_wconf 87' lang='lat' dir='ltr'><strong>acta</strong></span> <span class='ocrx_word' id='word_1_220' title='bbox 847 1826 885 1863; x_wconf 91' lang='lat' dir='ltr'><strong>in</strong></span> <span class='ocrx_word' id='word_1_221' title='bbox 914 1840 960 1864; x_wconf 87' lang='lat' dir='ltr'><strong>ea</strong></span> <span class='ocrx_word' id='word_1_222' title='bbox 987 1840 1028 1864; x_wconf 89' lang='lat' dir='ltr'><strong>re</strong></span> <span class='ocrx_word' id='word_1_223' title='bbox 1054 1825 1222 1876; x_wconf 88' lang='lat' dir='ltr'><strong>publica,</strong></span> <span class='ocrx_word' id='word_1_224' title='bbox 1247 1825 1286 1863; x_wconf 90' lang='lat' dir='ltr'><strong>in</strong></span> <span class='ocrx_word' id='word_1_225' title='bbox 1312 1840 1391 1875; x_wconf 88' lang='lat' dir='ltr'><strong>qua</strong></span> <span class='ocrx_word' id='word_1_226' title='bbox 1411 1839 1452 1864; x_wconf 89' lang='lat' dir='ltr'><strong>se</strong></span> <span class='ocrx_word' id='word_1_227' title='bbox 1473 1825 1545 1863; x_wconf 87' lang='lat' dir='ltr'><strong>illis</strong></span> <span class='ocrx_word' id='word_1_228' title='bbox 1567 1824 1660 1876; x_wconf 89' lang='lat' dir='ltr'><strong>ipsis</strong></span> 
     </span>
     <span class='ocr_line' id='line_1_28' title="bbox 333 1890 1660 1940; baseline 0 -12"><span class='ocrx_word' id='word_1_229' title='bbox 333 1890 575 1940; x_wconf 83' lang='lat' dir='ltr'><strong>temporibus</strong></span> <span class='ocrx_word' id='word_1_230' title='bbox 605 1904 810 1929; x_wconf 87' lang='lat' dir='ltr'><strong>censorem</strong></span> <span class='ocrx_word' id='word_1_231' title='bbox 841 1904 927 1930; x_wconf 88' lang='lat' dir='ltr'><strong>esse</strong></span> <span class='ocrx_word' id='word_1_232' title='bbox 956 1890 1171 1929; x_wconf 86' lang='lat' dir='ltr'><strong>voluisset:</strong></span> <span class='ocrx_word' id='word_1_233' title='bbox 1208 1904 1270 1929; x_wconf 87' lang='lat' dir='ltr'><strong>me</strong></span> <span class='ocrx_word' id='word_1_234' title='bbox 1302 1893 1343 1929; x_wconf 89' lang='lat' dir='ltr'><strong>L.</strong></span> <span class='ocrx_word' id='word_1_235' title='bbox 1377 1892 1506 1937; x_wconf 88' lang='lat' dir='ltr'><strong>Cotta,</strong></span> <span class='ocrx_word' id='word_1_236' title='bbox 1538 1891 1660 1929; x_wconf 81' lang='lat' dir='ltr'><strong>homo</strong></span> 
     </span>
     <span class='ocr_line' id='line_1_29' title="bbox 331 1954 1659 2002; baseline -0.001 -9"><span class='ocrx_word' id='word_1_237' title='bbox 331 1955 542 2002; x_wconf 86' lang='lat' dir='ltr'><strong>censorius,</strong></span> <span class='ocrx_word' id='word_1_238' title='bbox 561 1955 600 1992; x_wconf 88' lang='lat' dir='ltr'><strong>in</strong></span> <span class='ocrx_word' id='word_1_239' title='bbox 621 1963 758 1993; x_wconf 89' lang='lat' dir='ltr'><strong>senatu</strong></span> <span class='ocrx_word' id='word_1_240' title='bbox 780 1954 927 1994; x_wconf 85' lang='lat' dir='ltr'><strong>iuratus</strong></span> <span class='ocrx_word' id='word_1_241' title='bbox 944 1955 1042 1994; x_wconf 82' lang='lat' dir='ltr'><strong>dixit</strong></span> <span class='ocrx_word' id='word_1_242' title='bbox 1063 1969 1115 2001; x_wconf 91' lang='lat' dir='ltr'><strong>se,</strong></span> <span class='ocrx_word' id='word_1_243' title='bbox 1135 1954 1165 1992; x_wconf 93' lang='lat' dir='ltr'><strong>si</strong></span> <span class='ocrx_word' id='word_1_244' title='bbox 1187 1969 1327 1994; x_wconf 89' lang='lat' dir='ltr'><strong>censor</strong></span> <span class='ocrx_word' id='word_1_245' title='bbox 1346 1963 1428 1993; x_wconf 87' lang='lat' dir='ltr'><strong>tum</strong></span> <span class='ocrx_word' id='word_1_246' title='bbox 1451 1961 1554 1994; x_wconf 83' lang='lat' dir='ltr'><strong>esset</strong></span> <span class='ocrx_word' id='word_1_247' title='bbox 1566 1968 1659 1993; x_wconf 90' lang='lat' dir='ltr'><strong>cum</strong></span> 
     </span>
    </p>
   </div>
   <div class='ocr_carea' id='block_1_4' title="bbox 296 2018 1659 2070">
    <p class='ocr_par' dir='ltr' id='par_1_4' title="bbox 296 2018 1659 2070">
     <span class='ocr_line' id='line_1_30' title="bbox 296 2018 1659 2070; baseline -0.001 -12"><span class='ocrx_word' id='word_1_248' title='bbox 296 2035 311 2063; x_wconf 66' lang='lat'>5</span> <span class='ocrx_word' id='word_1_249' title='bbox 332 2034 405 2070; x_wconf 84' lang='lat' dir='ltr'><strong>ego</strong></span> <span class='ocrx_word' id='word_1_250' title='bbox 430 2021 599 2066; x_wconf 83' lang='lat' dir='ltr'><strong>aberam,</strong></span> <span class='ocrx_word' id='word_1_251' title='bbox 625 2034 713 2057; x_wconf 87' lang='lat' dir='ltr'><strong>meo</strong></span> <span class='ocrx_word' id='word_1_252' title='bbox 740 2021 829 2058; x_wconf 92' lang='lat' dir='ltr'><strong>loco</strong></span> <span class='ocrx_word' id='word_1_253' title='bbox 851 2028 1073 2058; x_wconf 88' lang='lat' dir='ltr'><strong>senatorem</strong></span> <span class='ocrx_word' id='word_1_254' title='bbox 1095 2020 1346 2059; x_wconf 89' lang='lat' dir='ltr'><strong>recitaturum</strong></span> <span class='ocrx_word' id='word_1_255' title='bbox 1371 2020 1499 2059; x_wconf 87' lang='lat' dir='ltr'><strong>fuisse.</strong></span> <span class='ocrx_word' id='word_1_256' title='bbox 1559 2018 1659 2068; x_wconf 85' lang='lat' dir='ltr'><strong>Quis</strong></span> 
     </span>
    </p>
   </div>
   <div class='ocr_carea' id='block_1_5' title="bbox 332 2084 1658 2265">
    <p class='ocr_par' dir='ltr' id='par_1_5' title="bbox 332 2084 1658 2265">
     <span class='ocr_line' id='line_1_31' title="bbox 333 2084 1658 2135; baseline 0.001 -14"><span class='ocrx_word' id='word_1_257' title='bbox 333 2084 370 2122; x_wconf 93' lang='lat' dir='ltr'><strong>in</strong></span> <span class='ocrx_word' id='word_1_258' title='bbox 389 2098 518 2122; x_wconf 89' lang='lat' dir='ltr'><strong>meum</strong></span> <span class='ocrx_word' id='word_1_259' title='bbox 541 2086 670 2122; x_wconf 89' lang='lat' dir='ltr'><strong>locum</strong></span> <span class='ocrx_word' id='word_1_260' title='bbox 701 2084 871 2123; x_wconf 92' lang='lat' dir='ltr'><strong>iudicem</strong></span> <span class='ocrx_word' id='word_1_261' title='bbox 899 2085 1107 2124; x_wconf 87' lang='lat' dir='ltr'><strong>subdidit?</strong></span> <span class='ocrx_word' id='word_1_262' title='bbox 1136 2086 1223 2135; x_wconf 87' lang='lat' dir='ltr'><strong>quis</strong></span> <span class='ocrx_word' id='word_1_263' title='bbox 1245 2099 1419 2124; x_wconf 91' lang='lat' dir='ltr'><strong>meorum</strong></span> <span class='ocrx_word' id='word_1_264' title='bbox 1442 2084 1658 2123; x_wconf 89' lang='lat' dir='ltr'><strong>amicorum</strong></span> 
     </span>
     <span class='ocr_line' id='line_1_32' title="bbox 333 2148 1657 2200; baseline 0.001 -14"><span class='ocrx_word' id='word_1_265' title='bbox 333 2157 608 2186; x_wconf 87' lang='lat' dir='ltr'><strong>testamentum</strong></span> <span class='ocrx_word' id='word_1_266' title='bbox 631 2148 804 2186; x_wconf 80' lang='lat' dir='ltr'><strong>discessu</strong></span> <span class='ocrx_word' id='word_1_267' title='bbox 827 2164 915 2188; x_wconf 91' lang='lat' dir='ltr'><strong>meo</strong></span> <span class='ocrx_word' id='word_1_268' title='bbox 937 2150 1027 2188; x_wconf 86' lang='lat' dir='ltr'><strong>fecit</strong></span> <span class='ocrx_word' id='word_1_269' title='bbox 1049 2150 1115 2200; x_wconf 92' lang='lat' dir='ltr'><strong>qui</strong></span> <span class='ocrx_word' id='word_1_270' title='bbox 1138 2149 1232 2188; x_wconf 87' lang='lat' dir='ltr'><strong>mihi</strong></span> <span class='ocrx_word' id='word_1_271' title='bbox 1254 2164 1335 2188; x_wconf 90' lang='lat' dir='ltr'><strong>non</strong></span> <span class='ocrx_word' id='word_1_272' title='bbox 1356 2150 1460 2189; x_wconf 89' lang='lat' dir='ltr'><strong>idem</strong></span> <span class='ocrx_word' id='word_1_273' title='bbox 1482 2149 1657 2188; x_wconf 89' lang='lat' dir='ltr'><strong>tribuerit</strong></span> 
     </span>
     <span class='ocr_line' id='line_1_33' title="bbox 332 2211 1658 2265; baseline 0.002 -15"><span class='ocrx_word' id='word_1_274' title='bbox 332 2214 439 2262; x_wconf 84' lang='lat' dir='ltr'><strong>quod</strong></span> <span class='ocrx_word' id='word_1_275' title='bbox 463 2211 535 2265; x_wconf 85' lang='lat' dir='ltr'><strong>[et]</strong></span> <span class='ocrx_word' id='word_1_276' title='bbox 558 2213 587 2251; x_wconf 88' lang='lat' dir='ltr'><strong>si</strong></span> <span class='ocrx_word' id='word_1_277' title='bbox 615 2214 828 2251; x_wconf 86' lang='lat' dir='ltr'><strong>adessem?</strong></span> <span class='ocrx_word' id='word_1_278' title='bbox 859 2214 945 2264; x_wconf 89' lang='lat' dir='ltr'><strong>quis</strong></span> <span class='ocrx_word' id='word_1_279' title='bbox 968 2229 1031 2253; x_wconf 86' lang='lat' dir='ltr'><strong>me</strong></span> <span class='ocrx_word' id='word_1_280' title='bbox 1053 2229 1131 2253; x_wconf 88' lang='lat' dir='ltr'><strong>non</strong></span> <span class='ocrx_word' id='word_1_281' title='bbox 1154 2216 1276 2254; x_wconf 91' lang='lat' dir='ltr'><strong>modo</strong></span> <span class='ocrx_word' id='word_1_282' title='bbox 1303 2214 1408 2262; x_wconf 87' lang='lat' dir='ltr'><strong>civis,</strong></span> <span class='ocrx_word' id='word_1_283' title='bbox 1432 2216 1501 2253; x_wconf 89' lang='lat' dir='ltr'><strong>sed</strong></span> <span class='ocrx_word' id='word_1_284' title='bbox 1529 2213 1658 2252; x_wconf 89' lang='lat' dir='ltr'><strong>socius</strong></span> 
     </span>
    </p>
   </div>
   <div class='ocr_carea' id='block_1_6' title="bbox 335 2315 1655 2444">
    <p class='ocr_par' dir='ltr' id='par_1_6' title="bbox 335 2315 1655 2444">
     <span class='ocr_line' id='line_1_34' title="bbox 379 2315 1654 2354; baseline 0.005 -10"><span class='ocrx_word' id='word_1_285' title='bbox 379 2325 391 2344; x_wconf 89' lang='lat'>1</span> <span class='ocrx_word' id='word_1_286' title='bbox 420 2316 489 2354; x_wconf 83' lang='lat' dir='ltr'><strong>igni</strong></span> <span class='ocrx_word' id='word_1_287' title='bbox 506 2315 568 2345; x_wconf 71' lang='lat' dir='ltr'><strong>P‘:</strong></span> <span class='ocrx_word' id='word_1_288' title='bbox 595 2315 682 2353; x_wconf 86' lang='lat' dir='ltr'><strong>ignis</strong></span> <span class='ocrx_word' id='word_1_289' title='bbox 701 2316 764 2346; x_wconf 76' lang='lat' dir='ltr'><strong>rell.</strong></span> <span class='ocrx_word' id='word_1_290' title='bbox 886 2328 904 2346; x_wconf 83' lang='lat'><strong>2</strong></span> <span class='ocrx_word' id='word_1_291' title='bbox 932 2318 1014 2347; x_wconf 85' lang='lat' dir='ltr'><strong>tulit.</strong></span> <span class='ocrx_word' id='word_1_292' title='bbox 1038 2318 1203 2348; x_wconf 85' lang='lat' dir='ltr'><strong>Homines</strong></span> <span class='ocrx_word' id='word_1_293' title='bbox 1220 2342 1228 2350; x_wconf 95' lang='lat'><strong>.</strong></span> <span class='ocrx_word' id='word_1_294' title='bbox 1247 2342 1253 2349; x_wconf 88' lang='lat'><strong>.</strong></span> <span class='ocrx_word' id='word_1_295' title='bbox 1274 2342 1280 2349; x_wconf 95' lang='lat'><strong>.</strong></span> <span class='ocrx_word' id='word_1_296' title='bbox 1301 2318 1435 2351; x_wconf 82' lang='lat' dir='ltr'><strong>civibus,</strong></span> <span class='ocrx_word' id='word_1_297' title='bbox 1457 2329 1523 2348; x_wconf 89' lang='lat' dir='ltr'><strong>non</strong></span> <span class='ocrx_word' id='word_1_298' title='bbox 1543 2317 1654 2350; x_wconf 76' lang='lat' dir='ltr'><strong>Muell.</strong></span> 
     </span>
     <span class='ocr_line' id='line_1_35' title="bbox 335 2358 1653 2400; baseline 0.003 -12"><span class='ocrx_word' id='word_1_299' title='bbox 335 2368 350 2395; x_wconf 82' lang='lat'><strong>5</strong></span> <span class='ocrx_word' id='word_1_300' title='bbox 376 2370 426 2388; x_wconf 83' lang='lat' dir='ltr'><strong>me</strong></span> <span class='ocrx_word' id='word_1_301' title='bbox 444 2370 508 2389; x_wconf 79' lang='lat' dir='ltr'><strong>ont.</strong></span> <span class='ocrx_word' id='word_1_302' title='bbox 527 2358 569 2388; x_wconf 85' lang='lat' dir='ltr'><strong>P¹</strong></span> <span class='ocrx_word' id='word_1_303' title='bbox 726 2361 746 2388; x_wconf 87' lang='grc'>6</span> <span class='ocrx_word' id='word_1_304' title='bbox 769 2360 965 2398; x_wconf 78' lang='lat' dir='ltr'><strong>quibusdam</strong></span> <span class='ocrx_word' id='word_1_305' title='bbox 985 2361 1073 2391; x_wconf 84' lang='lat' dir='ltr'><strong>codd.</strong></span> <span class='ocrx_word' id='word_1_306' title='bbox 1233 2372 1249 2400; x_wconf 91' lang='lat'>7</span> <span class='ocrx_word' id='word_1_307' title='bbox 1277 2362 1359 2392; x_wconf 85' lang='lat' dir='ltr'><strong>haec</strong></span> <span class='ocrx_word' id='word_1_308' title='bbox 1380 2361 1483 2392; x_wconf 76' lang='lat' dir='ltr'><em>PBb:</em></span> <span class='ocrx_word' id='word_1_309' title='bbox 1509 2362 1570 2391; x_wconf 90' lang='lat' dir='ltr'><strong>hoc</strong></span> <span class='ocrx_word' id='word_1_310' title='bbox 1588 2361 1653 2392; x_wconf 74' lang='lat' dir='ltr'><strong>rell.</strong></span> 
     </span>
     <span class='ocr_line' id='line_1_36' title="bbox 338 2402 1655 2444; baseline 0.003 -13"><span class='ocrx_word' id='word_1_311' title='bbox 338 2412 375 2439; x_wconf 86' lang='lat'><strong>19</strong></span> <span class='ocrx_word' id='word_1_312' title='bbox 399 2403 585 2441; x_wconf 84' lang='lat' dir='ltr'><strong>proscripta</strong></span> <span class='ocrx_word' id='word_1_313' title='bbox 606 2402 764 2433; x_wconf 74' lang='lat' dir='ltr'><strong>Graevius</strong></span> <span class='ocrx_word' id='word_1_314' title='bbox 864 2414 904 2442; x_wconf 80' lang='lat'><strong>25</strong></span> <span class='ocrx_word' id='word_1_315' title='bbox 930 2404 1010 2443; x_wconf 82' lang='lat' dir='ltr'><strong>ipsis</strong></span> <span class='ocrx_word' id='word_1_316' title='bbox 1021 2410 1083 2444; x_wconf 75' lang='lat' dir='ltr'><strong>per</strong></span> <span class='ocrx_word' id='word_1_317' title='bbox 1097 2405 1259 2435; x_wconf 78' lang='lat' dir='ltr'><strong>incuriam</strong></span> <span class='ocrx_word' id='word_1_318' title='bbox 1277 2415 1342 2435; x_wconf 83' lang='lat' dir='ltr'><strong>om.</strong></span> <span class='ocrx_word' id='word_1_319' title='bbox 1361 2404 1450 2436; x_wconf 79' lang='lat' dir='ltr'><strong>Bait.</strong></span> <span class='ocrx_word' id='word_1_320' title='bbox 1560 2415 1596 2444; x_wconf 86' lang='lat'><strong>31</strong></span> <span class='ocrx_word' id='word_1_321' title='bbox 1623 2410 1655 2435; x_wconf 78' lang='lat' dir='ltr'><strong>et</strong></span> 
     </span>
    </p>
   </div>
   <div class='ocr_carea' id='block_1_7' title="bbox 337 2445 671 2486">
    <p class='ocr_par' dir='ltr' id='par_1_7' title="bbox 337 2445 671 2486">
     <span class='ocr_line' id='line_1_37' title="bbox 337 2445 671 2486; baseline 0 -11"><span class='ocrx_word' id='word_1_322' title='bbox 337 2445 390 2477; x_wconf 65' lang='lat' dir='ltr'><strong>del.</strong></span> <span class='ocrx_word' id='word_1_323' title='bbox 404 2446 491 2476; x_wconf 78' lang='lat' dir='ltr'><strong>Bait.</strong></span> <span class='ocrx_word' id='word_1_324' title='bbox 513 2446 562 2485; x_wconf 70' lang='lat' dir='ltr'><strong>(cs</strong></span> <span class='ocrx_word' id='word_1_325' title='bbox 583 2449 597 2483; x_wconf 64' lang='grc' dir='ltr'>ξ</span> <span class='ocrx_word' id='word_1_326' title='bbox 616 2448 671 2486; x_wconf 80' lang='lat'><strong>87)</strong></span> 
     </span>
    </p>
   </div>
   <div class='ocr_carea' id='block_1_8' title="bbox 1681 538 1698 568">
    <p class='ocr_par' dir='ltr' id='par_1_8' title="bbox 1681 538 1698 568">
     <span class='ocr_line' id='line_1_38' title="bbox 1681 538 1698 568; baseline 0 0"><span class='ocrx_word' id='word_1_327' title='bbox 1681 538 1698 568; x_wconf 88' lang='lat'>5</span> 
     </span>
    </p>
   </div>
   <div class='ocr_carea' id='block_1_9' title="bbox 1683 866 1721 889">
    <p class='ocr_par' dir='ltr' id='par_1_9' title="bbox 1683 866 1721 889">
     <span class='ocr_line' id='line_1_39' title="bbox 1683 866 1721 889; baseline 0.026 -1"><span class='ocrx_word' id='word_1_328' title='bbox 1683 866 1721 889; x_wconf 88' lang='lat'><strong>10</strong></span> 
     </span>
    </p>
   </div>
   <div class='ocr_carea' id='block_1_10' title="bbox 1682 1184 1719 1217">
    <p class='ocr_par' dir='ltr' id='par_1_10' title="bbox 1682 1184 1719 1217">
     <span class='ocr_line' id='line_1_40' title="bbox 1682 1184 1719 1217; baseline 0 0"><span class='ocrx_word' id='word_1_329' title='bbox 1682 1184 1719 1217; x_wconf 86' lang='lat'><strong>15</strong></span> 
     </span>
    </p>
   </div>
   <div class='ocr_carea' id='block_1_11' title="bbox 1679 1508 1722 1530">
    <p class='ocr_par' dir='ltr' id='par_1_11' title="bbox 1679 1508 1722 1530">
     <span class='ocr_line' id='line_1_41' title="bbox 1679 1508 1722 1530; baseline 0 0"><span class='ocrx_word' id='word_1_330' title='bbox 1679 1508 1722 1530; x_wconf 86' lang='lat'><strong>20</strong></span> 
     </span>
    </p>
   </div>
   <div class='ocr_carea' id='block_1_12' title="bbox 1677 2158 1718 2188">
    <p class='ocr_par' dir='ltr' id='par_1_12' title="bbox 1677 2158 1718 2188">
     <span class='ocr_line' id='line_1_42' title="bbox 1677 2158 1718 2188; baseline 0 -8"><span class='ocrx_word' id='word_1_331' title='bbox 1677 2158 1718 2188; x_wconf 79' lang='lat'><strong>30</strong></span> 
     </span>
    </p>
   </div>
  </div>
 </body>
</html>
