1774 2782
124 557 140 588 5

105 882 144 906 ¹0

104 1210 139 1242 ¹5

102 1534 142 1555 20

100 2182 141 2214 30

281 171 496 210 ORATIO
527 171 662 210 POST
695 172 957 209 REDITVM
990 173 1066 208 AI)
1098 171 1366 219 QVIRITES
1467 180 1548 218 513

163 282 347 320 omnibus
369 284 527 322 foedera
543 283 952 332 reconciliationesque
966 282 1173 333 gratiarum
1196 283 1384 333 sanguine
1401 296 1490 321 meo

163 348 414 396 sancirentur,
434 363 522 387 cum
541 362 678 388 omnes
703 349 794 387 boni
813 362 891 387 non
910 356 1132 387 recusarent
1154 348 1249 398 quin
1264 350 1323 386 vel
1342 362 1411 398 pro
1429 362 1490 386 nie

162 414 221 450 vel
251 426 405 451 mecum
435 414 613 463 perirent,
640 414 756 451 armis
784 415 984 452 decertare
1010 427 1079 463 pro
1110 426 1197 451 mea
1221 415 1344 451 salute
1370 413 1488 459 nolui,

162 478 269 526 quod
291 486 328 516 et
350 478 504 517 vincere
529 487 566 517 et
587 478 689 516 vinci
714 480 937 517 luctuosum
960 478 1011 516 rei
1038 478 1219 528 publicae
1244 480 1324 516 fore
1346 478 1487 527 putavi.

164 544 214 579 At
246 542 393 581 inimici
421 544 509 589 mei,
534 558 668 582 mense
700 543 883 582 Ianuario
911 556 1001 581 cum
1031 544 1080 581 de
1106 556 1168 581 me
1196 551 1380 592 ageretur,
1412 557 1490 581 cor—
1517 556 1553 585 14

163 607 321 656 poribus
352 608 495 647 civium
521 608 722 647 trucidatis
748 608 911 647 flumine
938 608 1135 658 sanguinis
1162 621 1293 646 meum
1322 608 1488 646 reditum

162 672 506 711 intercludendum
532 681 776 724 putaverunt.
838 675 989 722 Itaque,
1013 674 1108 710 dum
1131 686 1204 722 ego
1228 673 1380 719 absum,
1404 687 1488 711 eam
1513 676 1540 712 6

161 750 241 775 rem
260 738 457 788 publicam
473 739 661 777 habuistis
679 746 720 777 ut
736 752 861 788 aeque
879 752 941 776 me
957 746 1075 787 atque
1091 738 1194 775 illam
1210 738 1488 776 restituendam

162 803 359 851 putaretis.
421 806 506 854 Ego
530 812 661 842 autem
690 804 728 842 in
754 817 832 853 qua
853 803 1008 841 civitate
1034 803 1130 840 nihil
1153 804 1295 841 valeret
1320 812 1488 851 senatus,

163 868 291 906 omnis
318 876 419 907 esset
447 869 669 919 impunitas,
699 871 806 907 nulla
835 868 989 916 iudicia,
1019 868 1074 906 vis
1099 876 1137 906 et
1167 870 1307 906 ferrum
1338 869 1376 906 in
1407 871 1490 906 foro

163 941 387 980 versaretur,
418 948 507 972 cum
545 934 682 984 privati
717 934 910 984 parietum
946 947 988 972 se
1018 933 1213 983 praesidio
1245 947 1324 971 non
1359 935 1489 983 legum

162 1006 371 1044 tuerentur,
399 998 543 1036 tribuni
569 998 694 1048 plebis
715 997 826 1036 vobis
852 997 1163 1047 inspectantibus
1185 999 1486 1044 vulnerarentur,

161 1064 212 1101 ad
240 1063 533 1113 magistratuum
564 1065 706 1102 domos
736 1077 826 1102 curn
862 1065 961 1101 ferro
993 1071 1030 1101 et
1061 1063 1210 1101 facibus
1242 1063 1368 1110 iretur,
1401 1077 1491 1102 con-

163 1128 255 1166 sulis
286 1130 408 1167 fasces
443 1131 719 1178 frangerentur,
753 1130 917 1167 deorum
950 1128 1230 1166 immortalium
1262 1131 1408 1179 templa
1437 1129 1490 1167 in-

162 1194 432 1241 cenderentur,
470 1208 550 1232 rem
590 1194 788 1244 publicam
830 1207 914 1232 esse
950 1195 1097 1232 nullam
1135 1194 1275 1243 putavi.
1350 1196 1489 1244 Itaque

161 1272 291 1308 neque
312 1273 351 1297 re
378 1260 535 1310 publica
560 1260 814 1298 exterminata
839 1259 934 1297 mihi
965 1261 1095 1298 locum
1125 1259 1164 1297 in
1192 1261 1265 1298 hac
1288 1260 1382 1298 urbe
1406 1274 1490 1298 esse

161 1324 265 1370 duxi,
302 1338 385 1371 nec,
423 1325 454 1363 si
493 1325 557 1363 illa
597 1324 871 1370 restitueretur,
910 1324 1086 1363 dubitavi
1128 1325 1223 1374 quin
1258 1338 1321 1363 me
1356 1339 1489 1363 secum

161 1387 244 1437 ipsa
271 1389 485 1427 reduceret.
544 1391 608 1427 An
639 1402 722 1438 ego,
755 1402 845 1427 cum
876 1389 972 1426 mihi
1004 1396 1106 1427 esset
1137 1389 1489 1439 exploratissimum
1515 1405 1550 1437 15

162 1454 202 1490 P.
229 1454 439 1491 Lentulum
460 1453 638 1504 proximo
658 1467 763 1492 anno
784 1455 986 1491 consulem
1010 1455 1192 1500 futurum,
1218 1454 1283 1504 qui
1306 1454 1378 1492 illis
1399 1454 1491 1504 ipsis

161 1517 213 1555 rei
242 1518 423 1568 publicae
450 1518 788 1568 periculosissimis
817 1519 1059 1568 temporibus
1090 1519 1227 1557 aedilis
1258 1519 1400 1557 curulis
1429 1533 1491 1557 me

160 1584 322 1621 consule
339 1583 516 1622 omnium
539 1596 715 1622 meorum
732 1583 983 1622 consiliorum
1007 1584 1200 1634 particeps
1217 1583 1491 1634 periculorum-

160 1661 237 1697 que
262 1648 391 1686 socius
417 1648 561 1696 fuisset,
586 1649 807 1687 dubitarem
839 1650 933 1699 quin
955 1649 986 1687 is
1010 1663 1072 1687 me
1101 1651 1325 1688 confectum
1354 1663 1491 1687 consu-

160 1713 304 1752 laribus
325 1714 551 1752 vulneribus
572 1714 766 1752 consulari
790 1714 986 1753 medicina
1007 1716 1057 1753 ad
1080 1717 1244 1753 salutem
1266 1717 1491 1753 reduceret?

163 1780 255 1816 Hoc
276 1779 388 1825 duce,
413 1780 576 1829 conlega
596 1788 728 1817 autem
750 1779 844 1826 eius,
869 1780 1176 1819 clementissimo
1201 1787 1318 1829 atque
1340 1779 1490 1830 optimo

124 1845 253 1890 :viro‚
286 1843 411 1893 primo
446 1857 525 1882 non
557 1845 799 1892 adversante,
829 1852 917 1894 post
949 1844 1065 1883 etiam
1101 1845 1322 1891 adiuvante,
1355 1844 1491 1894 reliqui

161 1909 406 1959 magistratus
434 1923 559 1959 paene
587 1923 725 1948 omnes
754 1911 909 1949 fuerunt
936 1912 1162 1949 defensores
1195 1910 1328 1948 salutis
1357 1923 1493 1957 meae,

160 1989 207 2013 cx
245 1975 388 2025 quibus
428 1976 632 2014 excellenti
671 1976 804 2015 animo
846 1977 986 2015 virtute
1030 1976 1260 2014 auctoritate
1300 1975 1492 2025 praesidio

161 2041 284 2090 copiis
305 2043 352 2080 T.
374 2041 528 2079 Annius
550 2050 587 2080 et
609 2045 650 2080 P.
675 2044 821 2082 Sestius
847 2043 1057 2093 praestanti
1082 2042 1120 2079 in
1144 2055 1206 2079 me
1228 2040 1492 2079 benivolentia

160 2114 197 2144 et
225 2106 358 2144 divino
379 2107 510 2146 studio
538 2108 791 2156 exstiterunt3
821 2111 1044 2159 eodemque
1070 2110 1111 2146 P.
1138 2108 1307 2145 Lentulo
1333 2113 1491 2143 auctore

160 2180 198 2210 et
232 2172 373 2222 pariter
406 2175 595 2212 referente
630 2176 792 2224 conlega
832 2174 1169 2224 frequentissimus
1208 2179 1376 2217 senatuS,
1412 2184 1491 2207 uno

207 2288 219 2306 1
246 2288 311 2316 que
322 2277 399 2309 add.
419 2277 507 2308 Koclz
525 2290 531 2309 :
557 2278 846 2310 reconciliationes
860 2278 916 2308 bks
931 2289 936 2307 :
966 2289 1003 2309 ac
1016 2288 1129 2310 recon,
1145 2278 1244 2308 Klotz
1265 2289 1271 2307 :
1299 2275 1489 2307 reconcilia-

160 2321 252 2352 tione
276 2321 386 2352 Prell.
502 2332 521 2360 3
548 2322 711 2352 decertari
730 2322 830 2352 Klotz
949 2331 965 2360 7
994 2322 1071 2352 dum
1097 2321 1239 2352 Halmio
1268 2323 1350 2350 ancl.
1373 2318 1489 2356 Kays„

161 2364 272 2395 Muell.
291 2377 298 2396 :
317 2375 392 2395 cum
406 2364 494 2396 codd.
513 2365 602 2403 (cum
618 2376 680 2403 ego
698 2365 762 2395 afui
777 2365 796 2394 k
815 2364 939 2405 Halm)
1078 2375 1111 2394 11
1140 2365 1306 2404 parietum
1327 2373 1363 2393 se
1381 2361 1488 2391 Halm

160 2407 212 2447 (se
229 2412 304 2439 ante
320 2409 438 2447 privati
455 2409 488 2448 k)
507 2420 514 2439 ε
539 2409 704 2448 parietum
723 2407 846 2439 Hb²csx
872 2408 1007 2448 parietis
1026 2408 1152 2438 PBGoe
