1774 2782
145 522 162 552 5

125 849 164 870 10

124 1173 162 1204 ¹5

123 1501 163 1522 20

521 137 630 176 PRO
663 138 704 174 P.
737 137 930 175 SESTIO
962 137 1178 176 ORATIO
1464 144 1512 181 53

184 247 380 296 publicam
413 247 654 292 dicebantur,
687 247 868 296 perdidit,
900 260 972 285 nec
1001 245 1212 297 quicquam
1244 246 1315 284 illis
1346 246 1512 284 comitiis

183 313 290 361 quod
322 312 416 350 boni
447 311 513 348 viri
546 313 687 350 vellent
720 311 792 349 nisi
825 313 1017 361 repulsam
1053 312 1150 349 tulit.
1209 311 1361 349 Videtis
1401 310 1513 360 igitur

183 378 371 425 populum
401 378 538 426 ipsum,
563 384 604 413 ut
631 376 683 414 ita
709 377 853 424 dicam,
874 379 949 414 iam
972 390 1051 415 non
1073 390 1157 415 esse
1182 378 1421 426 popularem,
1446 378 1511 425 qui

183 443 234 480 ita
247 444 500 481 vehementer
516 456 582 481 eos
597 442 663 492 qui
681 444 888 492 populares
906 442 1101 480 habentur
1117 450 1282 491 respuat,
1299 455 1367 480 eos
1380 449 1510 480 autem

184 508 249 557 qui
272 510 304 546 ei
326 508 458 558 generi
480 510 735 547 adversantur
756 510 907 546 honore
928 508 1177 558 dignissimos
1199 508 1354 546 iudicet.

236 574 451 611 Veniamus
472 575 522 612 ad
543 575 657 612 ludos
675 588 683 621 ς
715 573 805 611 facit
825 573 942 619 enim,
967 573 1126 619 iudices,
1150 580 1275 610 vester
1296 572 1367 610 iste
1388 572 1426 610 in
1449 586 1511 609 me

182 637 401 676 animorum
423 640 707 688 oculorumque
735 638 938 676 coniectus
959 645 1000 675 ut
1023 637 1116 675 mihi
1140 636 1216 674 iam
1240 637 1355 675 licere
1377 645 1509 686 putem

181 703 399 742 remissiore
429 703 482 741 uti
516 717 657 753 genere
688 703 858 742 dicendi.
920 703 1181 742 Comitiorum
1212 710 1250 740 et
1279 702 1510 740 contionum

183 768 485 818 significationes
525 776 615 806 sunt
654 769 851 807 interdum
886 782 1010 816 verae,
1045 775 1135 806 sunt
1174 782 1255 806 non
1293 782 1509 818 numquam

183 833 337 872 vitiatae
357 842 475 884 atque
496 841 726 884 corruptae3
756 835 964 872 theatrales
985 833 1282 883 gladiatoriique
1304 847 1510 871 consessus

182 899 364 937 dicuntur
380 899 544 937 omnino
560 901 685 938 solere
701 899 856 938 levitate
873 913 952 937 non
970 900 1166 937 nullorum
1183 906 1336 949 emptos
1352 900 1510 948 plausus

181 963 288 1002 exilis
310 971 347 1002 et
368 977 473 1002 raros
493 964 686 1013 excitare;
712 978 758 1003 ac
779 972 910 1003 tamen
932 964 1045 1003 facile
1061 972 1130 1010 est,
1148 978 1238 1002 cum
1260 964 1299 1001 id
1321 964 1372 1009 fit,
1393 977 1510 1013 quem

181 1030 231 1067 ad
253 1031 415 1068 modum
438 1037 475 1068 et
499 1044 523 1069 a
541 1030 685 1080 quibus
713 1032 790 1077 fiat,
813 1038 851 1068 et
872 1030 967 1080 quid
996 1030 1143 1080 integra
1164 1029 1376 1067 multitudo
1396 1028 1511 1066 faciat

181 1095 326 1134 videre.
382 1095 492 1145 Quid
518 1109 592 1146 ego
618 1109 724 1133 nunc
753 1095 882 1134 dicam
908 1095 1051 1144 quibus
1075 1094 1163 1132 viris
1192 1101 1259 1132 aut
1287 1093 1351 1131 cui
1379 1093 1511 1144 generi

182 1160 325 1199 civium
355 1162 524 1200 maxime
553 1163 790 1212 plaudatur?
846 1160 1059 1198 Neminem
1086 1168 1258 1198 vestrum
1288 1159 1397 1198 fallit.
1454 1160 1512 1198 Sit

183 1227 257 1263 hoc
289 1240 382 1265 sane
409 1227 504 1273 leve,
537 1228 646 1277 quod
676 1240 756 1264 non
787 1226 839 1264 ita
868 1233 936 1272 est,
971 1225 1156 1275 quoniam
1188 1224 1340 1275 optimo
1368 1224 1512 1275 cuique

182 1290 421 1341 impertitum
450 1293 532 1338 sed,
564 1291 595 1329 si
625 1299 683 1330 est
712 1293 806 1337 leve,
837 1291 988 1328 bomini
1017 1290 1121 1340 gravi
1151 1292 1236 1328 leve
1265 1297 1335 1336 est,
1360 1288 1395 1328 ei
1419 1302 1512 1327 vero

182 1356 247 1405 qui
271 1357 416 1405 pendet
432 1357 547 1395 rebus
567 1356 783 1402 levissimis,
803 1355 868 1405 qui
890 1368 1045 1393 rumore
1062 1362 1110 1401 et,
1129 1362 1170 1392 ut
1192 1354 1263 1404 ipsi
1285 1356 1509 1403 loquuntur,

182 1421 312 1458 favore
342 1420 477 1470 populi
506 1428 661 1459 tenetur
689 1428 728 1458 et
757 1421 922 1466 ducitur,
954 1422 1135 1469 plausum
1165 1418 1508 1464 immortalitatem,

183 1485 339 1523 sibilum
371 1493 537 1523 mortem
566 1485 688 1524 videri
719 1498 880 1523 necesse
912 1492 979 1522 est.
1041 1486 1100 1522 Ex
1130 1492 1168 1522 te
1200 1483 1324 1533 igitur,
1356 1484 1510 1530 Scaure,

183 1548 428 1599 potissimum
451 1563 606 1599 quaero,
631 1549 697 1600 qui
725 1550 840 1588 ludos
868 1549 1185 1600 apparatissimos
1213 1547 1512 1598 magnificentis-

182 1614 381 1664 simosque
423 1614 558 1661 fecisti,
601 1614 735 1664 ecquis
779 1614 942 1654 istorum
982 1614 1229 1665 popularium
1269 1621 1358 1651 tuos
1396 1614 1511 1652 ludos

184 1681 386 1729 aspexerit,
409 1681 544 1729 ecquis
565 1693 605 1718 se
627 1681 782 1718 theatro
799 1681 1029 1730 populoque
1055 1681 1239 1717 Romano
1260 1678 1510 1717 commiserit.

184 1745 274 1793 Ipse
301 1743 363 1782 ille
391 1744 557 1782 maxime
585 1745 726 1792 ludius,
750 1757 830 1783 non
860 1746 986 1782 solum
1018 1751 1213 1794 spectator
1243 1744 1312 1781 sed
1340 1751 1449 1781 actor
1474 1751 1512 1782 et

123 1825 159 1846 2·
181 1822 371 1855 acroama,
404 1809 470 1859 qui
501 1809 634 1847 onmia
663 1810 805 1847 sororis
835 1808 1007 1847 embolia
1036 1808 1154 1854 novit,
1187 1807 1253 1857 qui
1284 1807 1322 1845 in
1353 1815 1508 1846 coetum

183 1873 387 1912 mulierum
416 1888 486 1924 pro
514 1874 670 1923 psaltria
695 1873 913 1919 adducitur,
938 1887 1010 1911 nec
1037 1881 1126 1911 tuos
1154 1873 1267 1910 ludos
1294 1874 1443 1922 aspexit
1471 1872 1509 1910 in

181 1938 246 1977 illo
262 1938 414 1977 ardenti
431 1939 629 1977 tribunatu
651 1952 722 1977 suo
743 1952 816 1977 nec
838 1940 936 1976 ullos
957 1939 1052 1976 alios
1075 1937 1146 1975 nisi
1169 1950 1235 1975 eos
1251 1950 1273 1974 a
1290 1937 1432 1986 quibus
1448 1938 1509 1974 vix

181 2003 288 2041 vivus
309 2003 452 2054 effugit.
503 2005 644 2050 Semel,
667 2003 839 2053 inquam,
863 2017 903 2041 se
923 2002 1025 2041 ludis
1047 2003 1167 2041 bomo
1188 2002 1384 2051 popularis
1405 2015 1508 2040 com-

181 2068 284 2106 misit
311 2069 489 2117 omnino,
509 2082 599 2106 cum
630 2069 669 2106 in
700 2070 848 2119 templo
869 2067 1031 2106 Virtutis
1062 2069 1189 2104 honos
1220 2066 1377 2105 habitus
1407 2075 1508 2105 esset

226 2182 237 2201 1
265 2171 478 2211 dicebantur]
497 2171 715 2202 ordiebantur
731 2170 904 2204 Eberhard.
920 2170 1143 2201 moliebantur
1162 2169 1334 2209 Rossbetg,
1350 2168 1507 2200 solebant

179 2214 292 2244 Koch:
325 2225 408 2244 num
434 2226 465 2254 p.
486 2225 510 2246 r.
540 2216 630 2255 (pop.
658 2215 773 2254 Rom.)
803 2214 1106 2254 praedicabantur?
1266 2223 1285 2250 3
1319 2217 1385 2241 tarn
1418 2213 1506 2243 codd.

181 2268 197 2295 7
224 2258 397 2288 coniectus
414 2257 558 2290 Lamb.:
585 2263 768 2296 contectus,
785 2258 954 2288 contuitus
969 2257 1056 2288 codd.
1161 2267 1183 2295 9
1208 2256 1376 2286 interdum
1404 2266 1504 2286 verae

179 2306 256 2331 sunt
276 2305 352 2341 post
371 2307 448 2332 sunt
473 2312 498 2333 s,
513 2301 531 2332 Ι.
555 2302 660 2342 suppl.
691 2301 758 2331 1³²:
784 2302 882 2342 prins
905 2305 981 2331 sunt
1006 2311 1071 2331 om.
1090 2300 1147 2330 ΒΣ
1173 2300 1237 2329 rell.
1408 2308 1443 2328 12
1467 2310 1504 2329 ac

178 2348 291 2374 tamen
323 2344 357 2374 P
384 2345 446 2375 rell.
476 2349 604 2384 praeter
631 2344 659 2373 G
693 2347 895 2382 (attamen‘s;
934 2347 949 2381 ξ
977 2354 1034 2383 105
1229 2343 1265 2372 18
1300 2341 1451 2372 locontur
1476 2342 1509 2372 P

179 2397 216 2416 21
244 2387 592 2426 magnificentissimos
609 2400 634 2418 s.
652 2388 670 2418 l.
689 2388 733 2418 P²
865 2390 906 2418 26
931 2387 1068 2427 psaltria
1086 2388 1105 2417 k
1121 2398 1127 2416 ε
1153 2386 1311 2425 psalteria
1329 2386 1393 2415 rell.

1537 149 1596 181 1¹4

1533 554 1583 591 54

1536 614 1594 644 115

1535 1490 1595 1522 116
