1774 2782
274 141 346 176 DF,
379 139 750 178 HARVSPICVM
782 140 1069 178 RESPONSO
1101 140 1318 179 ORATIO
1413 150 1458 176 10
1482 156 1522 177 20

136 249 312 287 Etruriae
343 249 523 287 traditam
554 249 827 298 disciplinam:
858 262 929 287 nos
960 262 1092 287 nonne
1122 249 1346 298 haruspices
1377 263 1461 288 esse

135 316 374 364 possumus?
432 313 649 351 Exauditus
671 313 708 350 in
730 327 822 363 agro
849 314 1071 364 propinquo
1093 321 1130 352 et
1151 314 1377 352 suburbano
1405 323 1461 352 est

134 377 316 427 strepitus
337 378 498 427 quidam
524 378 749 416 reconditus
778 387 815 416 ct
843 378 1036 415 horribilis
1057 378 1230 416 fremitus
1251 392 1459 416 armorum.

128 434 235 488 'Quis
260 448 318 477 est
346 453 391 477 ex
417 439 640 489 gigantibus
667 440 752 487 illis,
781 454 880 489 quos
907 448 1048 490 poetae
1078 442 1205 478 serunt
1234 441 1379 478 bellum
1400 440 1461 479 dis

95 521 113 552 5
134 503 419 542 immortalibus
448 504 636 551 intulisse,
660 513 740 542 tarn
762 505 904 554 impius
926 504 992 554 qui
1015 506 1090 542 hoc
1111 512 1190 542 tam
1211 518 1316 542 novo
1337 513 1461 543 tanto-

133 582 211 619 que
227 577 336 607 motu
361 582 442 607 non
470 582 656 619 magnum
678 569 827 619 aliquid
848 571 945 607 deos
972 571 1121 620 populo
1151 571 1335 607 Romano
1357 583 1460 619 prae-

132 642 348 672 monstrare
374 642 412 672 et
441 634 666 684 praecinere
690 636 884 673 fateatur?
941 636 1003 673 De
1028 648 1073 672 ea
1100 648 1140 673 re
1167 634 1351 684 scriptum
1379 643 1458 673 est:

133 701 409 737 Posrluoxsss
442 710 537 736 ESSE
564 700 667 745 low,
692 700 902 745 SATVRNQ
926 701 1142 745 NEPTVNO,
1165 701 1366 746 TELLx‘Rn
1394 712 1458 738 D1s

131 775 415 802 cAi-:Lsssrissvs
472 763 605 801 Audio
632 764 777 813 quibus
803 763 862 802 dis
884 763 1036 802 violatis
1061 763 1230 813 expiatio
1256 764 1456 811 debeatur,
1480 777 1515 798 21

74 843 113 865 10
132 829 202 867 sed
222 829 428 866 hominum
449 842 550 878 quae
578 828 631 866 ob
658 828 802 867 delicta
821 842 978 878 quaero.
1039 830 1179 867 Lvnos
1200 841 1330 867 MINVS
1358 842 1460 866 DILI-

132 905 300 931 GENTER
327 904 478 931 FACTos
506 904 808 937 POLLVTOSQVE.
869 894 982 942 Quos
1011 894 1156 932 ludos?
1211 896 1270 932 Te
1284 896 1457 944 appello,

133 959 423 1005 Lentule‚—tui
438 958 631 996 sacerdoti
644 966 735 996 sunt
749 967 893 1005 tensae,
904 959 1106 1005 curricula,
1118 959 1352 1008 praecentio,
1364 959 1457 1006 ludi,

132 1022 340 1061 libationes
361 1024 580 1072 epulaeque
606 1024 1020 1073 ludorum,-—-vosque‚
1044 1025 1262 1073 pontifices,
1285 1025 1335 1062 ad
1359 1037 1459 1073 quos

133 1088 322 1136 epulones
353 1087 458 1126 Iovis
487 1087 640 1137 Optimi
668 1088 844 1135 Maximi,
868 1089 900 1126 si
930 1088 1026 1138 quid
1057 1096 1114 1126 est
1144 1089 1459 1138 praetermissum

76 1171 113 1202 15
132 1160 200 1191 aut
225 1153 496 1201 commissum,
515 1154 708 1201 adferunt,
731 1167 901 1203 quorum
931 1155 981 1192 de
1008 1155 1202 1192 sententia
1229 1155 1294 1191 illa
1319 1155 1458 1192 eadem

132 1226 320 1257 renovata
335 1227 453 1268 atque
475 1218 687 1257 instaurata
707 1220 964 1257 celebrantur.
1025 1219 1105 1268 Qui
1120 1228 1210 1257 sunt
1227 1219 1308 1257 ludi
1331 1221 1459 1257 minus

131 1282 335 1332 diligenter
356 1283 456 1330 facti,
479 1285 645 1334 quando
658 1293 725 1322 aut
742 1297 824 1334 quo
837 1286 984 1323 scelere
1005 1285 1173 1334 polluti?
1230 1286 1459 1333 Responde-

131 1346 191 1385 bis
212 1355 249 1386 et
270 1361 340 1398 pro
361 1355 398 1386 te
420 1355 458 1386 et
477 1362 548 1398 pro
570 1350 745 1398 conlegis
769 1349 856 1396 tuis,
881 1349 998 1387 etiarn
1021 1362 1091 1398 pro
1113 1349 1346 1398 pontificum
1368 1363 1459 1387 con-

131 1409 244 1459 legio,
254 1409 350 1447 nibil
364 1410 596 1460 cuiusquam
609 1418 677 1448 aut
690 1412 938 1461 neglegentia
947 1418 1220 1461 contemptum
1235 1419 1300 1448 aut
1315 1412 1460 1449 scelere

73 1493 114 1516 20
132 1487 218 1513 esse
238 1476 430 1525 pollutum
451 1490 458 1512 :
488 1476 622 1513 onmia
643 1475 851 1513 sollemnia
874 1488 920 1514 ac
949 1476 1050 1513 iusta
1069 1476 1251 1513 ludorum
1275 1475 1459 1513 omnibus

132 1540 248 1578 rebus
269 1539 482 1578 observatis
504 1553 659 1578 summa
680 1554 770 1578 curn
793 1541 1032 1578 caerimonia
1052 1553 1137 1578 esse
1157 1548 1315 1578 servata.
1476 1582 1510 1607 11

186 1605 297 1653 Quos
320 1605 432 1655 igitur
452 1606 678 1656 haruspices
698 1607 814 1644 ludos
832 1605 960 1643 minus
977 1605 1182 1655 diligenter
1198 1606 1319 1643 factos
1336 1606 1457 1654 pollu-
1478 1641 1514 1661 22

131 1677 271 1719 tosque
291 1683 376 1708 esse
396 1672 562 1709 dicunt?
620 1673 700 1709 Eos
722 1684 890 1720 quorum
916 1670 988 1719 ipsi
1012 1670 1053 1708 di
1080 1669 1318 1707 immortales
1337 1678 1457 1719 atque

132 1734 196 1772 illa
222 1744 345 1773 mater
373 1737 493 1774 Idaea
519 1744 675 1783 te‚—te‚
698 1737 771 1775 Cn.
797 1737 974 1782 Lentule,
999 1735 1108 1772 cuius
1135 1734 1249 1772 abavi
1276 1734 1457 1772 manibus

73 1820 113 1852 25
133 1808 730 1851 essetaccepta‚—spectatorem
746 1802 972 1840 essevoluit.
1007 1801 1128 1849 Quod
1142 1801 1180 1837 ni
1195 1808 1236 1837 tu
1246 1801 1459 1849 Megalesia

132 1864 198 1904 illo
224 1865 288 1904 die
315 1874 489 1917 spectare
509 1868 710 1914 voluisses,
735 1868 840 1905 haud
869 1866 950 1904 scio
978 1880 1029 1903 an
1049 1865 1178 1903 vivere
1202 1864 1316 1902 nobis
1339 1871 1458 1914 atque

131 1932 190 1969 his
211 1933 260 1970 de
281 1932 396 1971 rebus
418 1934 495 1971 iam
516 1933 625 1982 queri
647 1946 720 1970 non
742 1934 884 1970 liceret.
942 1930 1011 1969 Vis
1032 1931 1137 1969 enim
1164 1929 1458 1968 innumerabilis

132 1997 290 2035 incitata
316 2011 362 2036 ex
389 1998 574 2036 omnibus
601 1998 695 2036 vicis
723 1999 901 2036 conlecta
929 2009 1127 2034 servorum
1152 1995 1202 2032 ab
1230 1995 1306 2032 hoc
1331 1994 1458 2032 aedile

131 2062 311 2112 religioso
332 2071 491 2112 repente
511 2077 528 2100 e
548 2062 761 2100 fornicibus
787 2062 974 2110 ostiisque
1003 2060 1187 2098 omnibus
1210 2060 1248 2096 in
1275 2073 1456 2097 scaenam

74 2143 113 2174 30
132 2127 243 2177 signo
275 2128 368 2165 dato
399 2127 559 2166 inmissa
591 2127 745 2177 inrupit.
816 2129 903 2164 Tua
935 2134 1029 2171 turn,
1063 2133 1139 2171 tua,
1171 2124 1243 2164 Cn.
1278 2125 1454 2170 Lentule,

176 2243 194 2270 4
220 2232 302 2271 Quis
320 2237 371 2262 est
390 2233 453 2263 nisi
466 2237 517 2263 est
533 2244 576 2263 ex
592 2233 776 2263 Lehmann.
826 2232 920 2262 Num
935 2231 1020 2270 Quis
1034 2236 1084 2261 est
1098 2230 1148 2260 vel
1167 2231 1230 2259 ex?
1313 2231 1332 2259 8
1351 2229 1457 2259 Posti·

133 2276 240 2306 liones
266 2276 382 2306 Orell.:
419 2276 663 2315 postulationes
687 2276 773 2306 codd.
924 2285 959 2312 17
985 2275 1120 2313 quando
1145 2277 1181 2302 ut
1197 2273 1330 2302 lllannt.
1353 2273 1396 2301 ila
1415 2273 1455 2303 k:

133 2325 256 2357 quanto
268 2319 333 2350 rell.
454 2330 495 2357 24
523 2320 622 2349 Idaea
640 2319 808 2349 Fae'rnus:
835 2319 918 2348 daea
936 2318 983 2347 P:
1010 2319 1073 2348 dea
1091 2317 1122 2346 Β
1139 2316 1203 2346 rell.
1324 2326 1362 2353 27
1389 2325 1456 2344 non

134 2361 237 2392 deesse
262 2362 365 2392 noluit
391 2362 429 2393 G.
455 2363 560 2402 Long,
585 2362 676 2402 prob.
704 2361 855 2391 Zielinsk.
879 2363 930 2401 (ἐξ
953 2372 1000 2399 10,
1025 2361 1075 2399 14)
1098 2373 1103 2391 :
1129 2370 1191 2401 que
1217 2359 1371 2388 reliceret
1396 2358 1458 2387 PB

135 2406 174 2435 28
199 2405 296 2436 aedili
315 2405 403 2436 codd.
427 2408 457 2445 (ξ
477 2408 531 2444 24)
668 2416 709 2444 29
733 2416 750 2435 e
767 2405 870 2445 suppl.
890 2404 978 2434 Bait.
