1774 2782
271 132 295 168 3
316 128 336 159 6
681 127 735 162 M.
769 127 937 163 TVLLI
968 127 1275 165 CICERONIS

267 242 293 279 4
312 234 381 271 sed
407 233 498 283 quia
524 247 630 271 nunc
661 234 744 272 sine
772 241 870 273 teste
898 235 998 274 dico.
1060 238 1192 286 Ipsam
1218 251 1310 275 vero
1335 238 1474 276 urbem
1497 241 1643 288 Byzan-

271 701 286 733 κἸ

310 300 451 336 tiorum
478 298 595 336 fuisse
623 299 912 337 refertissimam
942 309 1060 350 atque
1086 301 1375 339 ornatissimam
1407 302 1524 351 signis
1555 303 1640 352 quis

310 363 490 412 ignorat?
532 376 633 412 quae
668 363 721 400 illi
757 364 933 402 exhausti
967 365 1188 415 sumptibus
1223 366 1415 416 bellisque
1449 367 1638 414 maximis,

309 441 399 465 cum
421 427 549 465 omnis
574 428 864 466 Mithridaticos
890 429 1058 479 impetus
1087 437 1294 480 totumque
1322 433 1493 469 Pontum
1518 445 1639 469 arma-

310 502 405 539 tum,
425 494 744 531 effervescentem
768 493 808 531 in
829 494 963 532 Asiam
985 503 1103 544 atque
1124 504 1397 545 erumpentem
1418 509 1495 543 ore,
1515 497 1636 545 repul-
1658 508 1674 539 5

309 572 394 596 sum
417 565 454 595 et
475 557 691 596 cervicibus
713 558 966 597 interclusum
983 561 1062 597 suis
1083 560 1330 607 sustinerent,
1349 568 1443 608 tum,
1463 560 1634 610 inquam,

310 623 484 672 Byzantii
509 631 546 661 et
568 630 706 672 postea
727 624 835 674 signa
857 624 920 662 illa
942 632 978 662 et
1000 624 1149 674 reliqua
1170 624 1276 663 urbis
1301 633 1533 663 ornamenta
1554 639 1635 663 san-

308 687 481 726 ctissime
503 688 701 726 custodita
725 696 960 727 tenuerunt:
994 697 1032 727 te
1054 688 1288 739 imperatore
1309 689 1577 728 infelicissimo
1598 698 1636 728 et

308 754 539 800 taeterrimo,
567 753 791 792 Caesonine
813 754 1003 801 Calventi,
1027 756 1162 792 civitas
1184 754 1316 801 libera,
1336 763 1373 793 et
1394 769 1464 805 pro
1485 755 1634 793 eximiis

306 818 384 856 suis
414 819 617 857 beneficiis
647 833 670 856 a
700 827 837 857 senatu
868 828 905 857 et
937 833 959 857 a
989 821 1137 869 populo
1168 821 1354 859 Romano
1384 820 1555 868 liberata,
1579 821 1633 858 sic
1656 836 1694 861 10

305 884 470 934 spoliata
496 892 614 934 atque
640 886 789 922 nudata
819 892 876 922 est
906 892 959 931 ut,
992 883 1066 922 nisi
1094 885 1138 923 C.
1166 886 1360 934 Vergilius
1389 887 1550 935 legatus,
1579 885 1634 923 vir

304 950 412 988 sortis
440 958 477 988 et
506 950 707 995 innocens,
739 949 1020 997 intervenisset,
1048 963 1171 987 unum
1199 950 1354 1000 signum
1385 950 1559 1000 Byzantii
1587 964 1634 989 ex

305 1015 475 1053 maximo
497 1029 661 1053 numero
679 1016 829 1052 nullum
852 1014 1054 1053 haberent.
1115 1016 1236 1064 Quod
1253 1016 1386 1052 fanum
1410 1014 1447 1052 in
1470 1017 1630 1064 Achaia,

303 1082 369 1130 qui
392 1082 500 1118 locus
522 1088 588 1118 aut
610 1081 721 1117 lucus
746 1081 786 1117 in
811 1079 977 1118 Graecia
997 1087 1080 1118 tota
1104 1088 1184 1118 tam
1210 1088 1368 1118 sanctus
1394 1080 1467 1119 fuit
1491 1080 1529 1118 in
1551 1094 1631 1130 quo

303 1147 424 1182 ullum
442 1146 705 1190 simulacrum,
725 1145 847 1181 ullum
863 1152 1137 1182 ornamentum
1156 1139 1349 1193 reliquum
1366 1145 1443 1182 sit?
1489 1144 1629 1183 Emisti
1653 1162 1690 1194 15

301 1226 324 1248 a
346 1209 574 1248 foedissimo
596 1209 754 1247 tribuno
771 1209 897 1258 plebis
913 1218 996 1246 tum
1015 1209 1054 1247 in
1074 1208 1140 1247 illo
1162 1208 1363 1258 naufragio
1380 1209 1494 1246 huius
1512 1210 1628 1257 urbis,

302 1289 419 1325 quam
438 1283 478 1313 tu
493 1275 597 1313 idem
616 1274 681 1324 qui
695 1275 913 1324 gubernare
929 1274 1122 1312 debueras
1136 1273 1627 1324 everteras,tum,inquam,

301 1342 428 1380 emisti
460 1341 596 1391 grandi
632 1341 800 1390 pecunia
836 1349 876 1378 ut
909 1340 979 1378 tibi
1012 1342 1061 1378 de
1097 1340 1275 1390 pecuniis
1309 1339 1466 1378 creditis
1498 1340 1556 1378 ius
1589 1340 1628 1378 in

299 1406 442 1445 liberos
482 1408 649 1457 populos
685 1414 821 1444 contra
856 1414 1014 1444 senatus
1049 1407 1228 1443 consulta
1262 1413 1300 1443 et
1335 1412 1471 1443 contra
1501 1406 1626 1454 legem

298 1472 427 1521 generi
451 1472 504 1510 tui
527 1473 657 1510 dicere
678 1471 809 1509 liceret
827 1488 833 1510 :
864 1470 904 1509 id
925 1478 1102 1520 emptum
1125 1470 1177 1508 ita
1197 1469 1406 1508 vendidisti
1425 1477 1465 1507 ut
1485 1477 1552 1507 aut
1568 1470 1626 1508 ius
1648 1488 1690 1509 20

299 1551 378 1575 non
407 1538 556 1575 diceres
584 1544 650 1574 aut
676 1536 790 1574 bonis
816 1535 909 1573 civis
940 1537 1144 1573 Romanos
1173 1542 1375 1572 everteres.
1446 1536 1625 1583 Quorum

297 1617 370 1652 ego
392 1604 488 1640 nihil
514 1602 615 1650 dico,
640 1609 767 1652 patres
795 1601 1017 1650 conscripti,
1042 1614 1147 1638 nunc
1176 1600 1215 1637 in
1242 1600 1444 1638 hominem
1473 1599 1625 1649 ipsum:

296 1669 346 1706 de
378 1669 577 1717 provincia
609 1668 779 1718 disputo.
842 1668 982 1716 Itaque
1017 1666 1150 1704 omnia
1189 1665 1254 1703 illa
1291 1678 1393 1715 quae
1433 1673 1470 1703 et
1509 1677 1625 1714 saepe

294 1734 457 1771 audistis
479 1742 516 1771 et
538 1733 678 1771 tenetis
700 1732 852 1778 animis,
873 1732 989 1770 etiam
1006 1731 1132 1769 sinon
1146 1730 1324 1778 audiam,
1344 1731 1621 1780 praetermitto.

296 1798 404 1836 Nihil
429 1799 480 1836 de
509 1800 582 1836 hac
607 1797 691 1836 eius
715 1798 874 1844 urbana,
908 1811 1026 1846 quam
1056 1796 1119 1834 ille
1146 1809 1331 1846 praesens
1359 1795 1399 1833 in
1426 1795 1623 1833 mentibus
1646 1813 1684 1845 25

294 1863 428 1902 vestris
455 1864 659 1913 oculisque
686 1863 832 1910 defixit,
856 1864 1020 1901 audacia
1045 1864 1210 1912 loquor,
1240 1862 1336 1899 nihil
1358 1863 1409 1900 de
1430 1861 1620 1911 superbia,

293 1929 390 1966 nihil
417 1931 467 1967 de
498 1929 757 1975 contumacia,
790 1928 885 1966 nihil
918 1930 969 1966 de
1002 1928 1233 1966 crudelitate
1260 1928 1444 1977 disput03
1480 1928 1623 1964 lateant

293 1993 476 2032 libidines
507 1994 589 2033 eius
621 1996 709 2032 illae
742 1994 1024 2040 tenebricosae,
1055 2007 1151 2043 quas
1182 1994 1308 2031 fronte
1338 2001 1375 2031 et
1403 1991 1621 2042 supercilio,

294 2072 373 2097 non
395 2061 544 2109 pudore
575 2067 613 2098 et
638 2059 896 2109 temperantia
923 2059 1182 2108 contegebat:
1213 2059 1263 2096 de
1288 2057 1486 2107 provincia
1513 2058 1620 2107 quod

291 2123 425 2173 agitur,
449 2124 489 2162 id
511 2124 680 2173 disputo.
734 2124 842 2162 Huic
863 2137 932 2161 vos
949 2137 1029 2161 non
1051 2123 1318 2161 submittetis?
1348 2123 1453 2160 hunc
1474 2121 1620 2161 diutius
1640 2137 1681 2167 30

292 2202 449 2227 manere
476 2189 708 2240 patiemini?
748 2189 870 2236 cuius,
894 2197 935 2227 ut
962 2188 1204 2239 provinciam
1228 2187 1367 2237 tetigit,
1388 2189 1442 2225 sic
1467 2189 1621 2225 fortuna

336 2305 355 2332 4
380 2305 453 2324 cum
470 2294 578 2324 omnis
596 2293 702 2323 Halm
720 2306 726 2324 ε
754 2294 882 2324 cumnis
899 2294 939 2324 Ρ]
960 2306 967 2324 :
997 2304 1069 2323 cum
1088 2293 1132 2323 P2
1148 2292 1214 2324 rell.
1369 2303 1389 2332 9
1413 2302 1474 2331 pro
1490 2291 1621 2321 eximiis

293 2335 407 2368 Madv.
425 2349 430 2367 1
456 2338 619 2375 proximis
638 2337 726 2367 codd.
833 2347 867 2366 11
896 2338 932 2368 C.
954 2348 978 2368 S.
992 2338 1011 2367 l.
1030 2336 1105 2368 add.
1123 2336 1166 2366 P1
1182 2348 1186 2367 ;
1213 2346 1278 2366 om.
1299 2335 1330 2366 E
1429 2346 1468 2375 27
1495 2335 1619 2365 lateant

292 2380 485 2420 Naugerius
500 2382 550 2422 (Ι)
568 2392 573 2410 ;
599 2381 705 2411 latent
724 2380 812 2411 codd.
