1774 2782
453 561 520 606 M.
575 560 787 607 TVLLI
843 561 1238 610 CICERONIS

253 704 352 752 DE
409 705 830 753 PROVINCIIS
886 706 1440 755 CONSVLARIBVS

469 794 541 840 IN
593 794 887 841 SENATV
940 794 1224 842 ORATIO

235 928 276 965 Si
299 927 386 977 quis
406 934 588 974 vestrum,
608 934 735 976 patres
755 927 977 976 conscripti,
998 934 1194 976 exspectat
1212 942 1308 978 quas
1330 930 1400 966 sim
1424 943 1506 979 pro-

182 992 327 1029 vincias
349 993 587 1038 decreturus,
611 993 834 1030 consideret
859 993 941 1041 ipse
962 1005 1096 1030 secum
1119 994 1184 1042 qui
1208 994 1302 1031 mihi
1326 995 1506 1033 homines

181 1069 227 1094 ex
261 1057 470 1106 provinciis
502 1056 750 1106 potissimum
781 1058 1013 1095 detrahendi
1050 1058 1149 1095 sint:
1193 1072 1272 1096 non
1309 1060 1505 1098 dubitabit

181 1122 276 1171 quid
300 1123 442 1161 sentire
470 1136 533 1161 me
562 1123 781 1170 conveniat,
804 1135 894 1160 cum
920 1123 1016 1172 quid
1046 1122 1140 1160 mihi
1173 1125 1315 1163 sentire
1345 1138 1505 1164 necesse

143 1197 159 1227 5
180 1187 227 1224 sit
248 1188 434 1236 cogitarit.
494 1190 554 1225 Ac
571 1188 600 1225 si
618 1188 798 1236 princeps
820 1200 906 1225 eam
925 1189 1159 1226 sententiam
1177 1189 1359 1236 dicerem,
1376 1191 1505 1228 lauda-

179 1251 268 1289 retis
296 1254 496 1301 prosect03
526 1253 557 1289 si
588 1253 703 1299 solus,
735 1259 838 1291 certe
868 1254 1148 1302 ignosceretis;
1178 1255 1294 1292 etiam
1327 1256 1356 1293 si
1388 1257 1505 1305 paulo

179 1317 307 1354 minus
321 1317 425 1355 utilis
442 1317 553 1356 vobis
571 1319 765 1356 sententia
786 1319 990 1364 videretur,
1011 1320 1163 1357 veniam
1182 1326 1314 1358 tamen
1331 1321 1502 1370 aliquam

177 1382 302 1420 dolori
335 1395 424 1420 meo
456 1382 688 1420 tribueretis.
750 1383 868 1419 Nunc
893 1396 995 1428 vero,
1019 1390 1147 1432 patres
1173 1385 1393 1434 conscripti,
1425 1398 1504 1423 non

177 1460 293 1496 parva
314 1446 477 1485 adficior
498 1447 709 1496 voluptate,
734 1447 793 1484 vel
822 1447 931 1495 quod
958 1447 1034 1485 hoc
1060 1448 1228 1486 maxime
1250 1449 1302 1486 rei
1325 1449 1505 1497 publicae

118 1526 156 1547 10
177 1511 375 1558 conducit,
408 1512 556 1560 Syriam
588 1511 950 1560 Macedoniamque
980 1512 1150 1557 decerni,
1182 1519 1223 1550 ut
1253 1513 1365 1551 dolor
1394 1527 1504 1552 meus

177 1578 273 1614 nihil
288 1590 310 1614 a
326 1576 529 1614 communi
544 1576 709 1614 utilitate
725 1577 940 1623 dissentiat,
957 1578 1016 1614 vel
1033 1578 1141 1626 quod
1159 1578 1287 1616 habeo
1302 1585 1502 1617 auctorem

177 1644 219 1679 P.
246 1643 462 1689 Servilium,
490 1642 557 1691 qui
582 1649 674 1679 ante
702 1654 765 1679 me
793 1643 1029 1680 sententiam
1058 1643 1164 1689 dixit,
1188 1644 1312 1680 virum
1343 1645 1501 1681 clarissi-

175 1720 284 1744 mum
311 1714 349 1744 et
379 1720 469 1744 cum
494 1706 534 1744 in
562 1705 783 1744 universam
814 1719 894 1744 rem
924 1707 1122 1756 publicam
1154 1714 1237 1745 tum
1267 1709 1383 1746 etiarn
1414 1722 1502 1758 erga

1530 913 1546 938 Ι

1534 972 1543 991 1

176 1785 303 1810 meam
325 1773 491 1811 salutem
515 1773 593 1810 fide
615 1785 661 1810 ac
683 1771 948 1810 benivolentia
973 1772 1166 1822 singulari.
1229 1775 1350 1822 Quod
1372 1775 1400 1811 si
1424 1775 1498 1820 ille,
1526 1790 1539 1809 2

116 1854 153 1885 15
175 1846 212 1875 et
234 1839 351 1887 paulo
370 1845 463 1876 ante
480 1846 517 1876 et
539 1839 895 1888 quotienscumque
912 1838 945 1875 ei
963 1838 1071 1875 locus
1089 1838 1246 1876 dicendi
1263 1851 1308 1876 ac
1328 1846 1500 1888 potestas

174 1904 254 1949 fuit,
287 1903 504 1942 Gabinium
534 1911 574 1942 et
605 1905 800 1950 Pisonem,
836 1903 916 1940 duo
949 1901 1000 1940 rei
1034 1902 1214 1951 publicae
1247 1911 1426 1952 portenta
1455 1917 1500 1942 ac

172 1983 297 2018 paene
317 1971 463 2018 funera,
487 1983 578 2008 curn
600 1977 757 2020 propter
777 1968 871 2006 alias
893 1981 1029 2006 causas
1051 1975 1132 2005 tum
1155 1969 1323 2007 maxime
1343 1975 1501 2018 propter

172 2035 266 2074 illud
284 2037 434 2086 insigne
452 2037 577 2074 scelus
595 2048 730 2074 eorum
749 2042 786 2073 et
805 2033 1069 2084 importunam
1088 2032 1126 2070 in
1140 2046 1203 2071 me
1216 2034 1501 2081 crudelitatem,

173 2114 250 2138 non
272 2102 399 2138 solum
421 2102 615 2140 sententia
636 2113 706 2138 sua
732 2100 802 2139 sed
826 2099 944 2138 etiam
975 2098 1181 2137 verborum
1210 2098 1396 2148 gravitate
1415 2113 1501 2138 esse

112 2179 152 2200 20
172 2168 367 2205 notandos
395 2168 554 2216 putavit,
583 2180 757 2216 quonam
788 2179 852 2204 me
884 2166 1018 2204 animo
1056 2164 1094 2202 in
1127 2177 1193 2202 eos
1224 2177 1308 2202 esse
1332 2172 1496 2214 oportet,

170 2231 279 2270 cuius
302 2233 353 2269 illi
375 2233 539 2271 salutem
561 2245 630 2282 pro
652 2231 814 2282 pignore
839 2231 1082 2269 tradiderunt
1105 2231 1154 2268 ad
1179 2231 1389 2279 explendas
1410 2243 1498 2267 suas

215 2347 253 2375 13
277 2336 309 2366 in
330 2340 366 2366 ut
385 2336 547 2376 Angelius
564 2336 610 2366 ila
629 2346 694 2375 mg.
708 2334 754 2371 H,
775 2334 813 2364 bk
830 2333 927 2364 Harl.
949 2334 1030 2364 2681
1051 2334 1140 2371 (cum
1159 2333 1221 2363 abl.
1245 2333 1283 2371 c).
1305 2343 1371 2363 om.
1385 2332 1416 2361 P
1432 2332 1497 2364 rell.

162 2383 291 2421 praeter
306 2384 318 2410 t
334 2380 407 2420 (ad)
504 2390 541 2409 21
570 2379 756 2419 explendas
774 2378 814 2407 bk
830 2377 929 2407 Harl.
949 2378 1030 2406 2681
1051 2381 1079 2406 cl
1099 2376 1164 2407 cod.
1187 2376 1260 2407 Car.
1282 2375 1392 2416 Steple.
1410 2388 1416 2406 ε
1439 2386 1496 2405 ex-

168 2424 310 2463 piendas
334 2422 430 2454 P1w:
461 2423 649 2463 expiandas
669 2422 714 2452 P2
731 2421 795 2452 rell.
818 2421 918 2461 (Phil.
937 2421 1004 2457 xiv,
1024 2422 1038 2456 ξ
1060 2421 1112 2460 10)

1361 2479 1415 2508 15¹²
