1774 2782
241 152 369 198 61129
457 204 460 206 v
675 152 730 187 M.
763 151 931 187 TVLLI
964 150 1270 189 CICERONIS

225 1305 280 1341 62

222 1451 280 1481 130

306 270 373 310 est,
398 276 487 300 cum
513 262 569 299 vir
594 263 624 299 is
652 261 718 310 qui
747 260 955 310 tripertitas
983 260 1088 298 orbis
1116 268 1302 298 terrarum
1328 273 1414 298 oras
1441 269 1559 311 atque
1581 274 1633 299 re-

305 327 441 377 giones
468 326 591 365 tribus
616 325 823 375 triumphis
851 325 1056 364 adiunctas
1086 325 1176 362 huic
1206 325 1370 375 imperio
1401 326 1559 373 notavit,
1583 327 1633 364 de

306 392 451 441 scripto
472 391 666 430 sententia
686 391 802 438 dicta,
827 391 921 428 mihi
944 390 1011 428 uni
1033 390 1302 429 testimonium
1321 390 1466 440 patriae
1482 404 1634 429 conser-

305 465 416 495 vatae
446 458 580 504 dedit3
618 457 729 494 cuius
760 458 996 495 sententiam
1026 456 1079 494 ita
1108 455 1445 506 frequentissimus
1476 464 1632 495 senatus

306 530 463 560 secutus
491 529 548 560 est
575 528 617 559 ut
643 535 744 559 unus
769 521 994 560 dissentiret
1019 521 1154 568 hostis,
1181 521 1303 571 idque
1333 520 1461 570 ipsum
1491 521 1632 560 tabulis

305 587 473 637 publicis
502 588 753 625 mandaretur
776 588 828 625 ad
853 588 1083 625 memoriam
1110 586 1254 636 posteri
1280 586 1466 637 temporis
1494 587 1631 637 sempi-

305 661 483 691 ternam:
524 654 584 690 vel
615 653 723 701 quod
755 659 813 690 est
843 651 1032 702 postridie
1061 652 1263 690 decretum
1293 651 1333 689 in
1363 651 1468 690 curia
1497 652 1633 702 populi

306 718 426 767 ipsius
449 717 632 764 Romani,
656 725 694 755 et
715 730 851 755 eorum
879 716 946 766 qui
971 730 1017 755 ex
1039 716 1262 766 municipiis
1284 725 1547 755 convenerant
1568 719 1633 756 ad-

307 783 470 829 monitu,
504 796 553 820 ne
583 782 670 832 quis
701 783 751 820 de
781 783 890 819 caelo
921 788 1100 829 servaret,
1134 794 1184 820 ne
1212 781 1300 831 quis
1330 796 1480 820 moram
1511 784 1631 820 ullam

304 850 497 895 adferret3
540 848 570 885 si
602 847 688 897 quis
718 847 828 885 aliter
857 846 1023 893 fecisset,
1057 861 1146 885 eum
1177 848 1292 897 plane
1326 860 1545 886 eversorem
1578 847 1632 886 rei

305 913 486 963 publicae
506 914 588 951 fore
608 912 728 962 idque
745 919 924 950 senatum
940 911 1166 961 gravissime
1181 913 1360 959 laturum,
1384 920 1421 951 et
1440 920 1482 951 ut
1503 913 1633 951 statim

305 980 356 1017 de
376 979 459 1017 eius
487 980 590 1016 facto
614 978 827 1015 referretur.
888 978 978 1025 Qua
1009 976 1197 1026 gravitate
1227 990 1296 1015 sua
1327 991 1417 1015 cum
1450 979 1632 1028 frequens

305 1052 463 1083 senatus
486 1057 565 1081 non
592 1044 789 1080 nullorum
815 1043 942 1080 scelus
967 1041 1255 1091 audaciamque
1275 1043 1476 1089 tardasset,
1499 1050 1631 1082 tamen

304 1111 401 1148 illud
421 1108 586 1154 addidit,
611 1116 663 1154 ut,
687 1107 717 1145 si
740 1108 880 1146 diebus
902 1106 1079 1156 quinque
1100 1106 1243 1156 quibus
1259 1107 1319 1157 agi
1337 1109 1387 1145 de
1403 1121 1467 1146 nie
1488 1109 1631 1158 potuis-

304 1184 361 1214 set
397 1188 476 1213 non
510 1181 611 1212 esset
644 1181 788 1220 actum,
823 1173 991 1212 redirem
1026 1172 1066 1210 in
1101 1171 1264 1222 patriam
1298 1172 1488 1223 dignitate
1521 1174 1631 1212 omni

304 1240 527 1290 reciperata.

359 1305 541 1344 Decrevit
568 1306 709 1343 eodem
739 1312 917 1354 tempore
941 1311 1099 1342 senatus
1124 1310 1167 1341 ut
1193 1302 1237 1340 iis
1260 1303 1326 1353 qui
1348 1317 1394 1341 ex
1415 1312 1496 1342 tota
1520 1305 1631 1343 Italia

304 1371 437 1410 salutis
460 1383 570 1409 meae
595 1384 713 1408 causa
740 1377 1007 1408 convenerant
1035 1376 1240 1418 agerentur
1266 1368 1421 1418 gratiae,
1443 1378 1562 1420 atque
1588 1378 1631 1409 ut

304 1438 409 1477 idem
440 1439 490 1476 ad
520 1451 580 1476 res
610 1438 821 1475 redeuntes
847 1444 889 1474 ut
911 1435 1088 1475 venirent
1118 1444 1354 1485 rogarentur.
1416 1438 1530 1475 Haec
1550 1444 1630 1475 erat

303 1504 522 1542 studiorum
546 1503 583 1540 in
606 1516 693 1541 mea
714 1504 839 1540 salute
860 1500 1064 1540 contentio
1089 1508 1131 1539 ut
1156 1500 1182 1538 ii
1206 1500 1272 1550 qui
1293 1514 1316 1539 a
1336 1509 1473 1539 senatu
1495 1503 1545 1540 de
1567 1516 1629 1541 me

302 1569 538 1619 rogabantur
565 1567 693 1606 eidem
720 1567 872 1605 senatui
900 1580 971 1616 pro
995 1579 1059 1604 me
1087 1565 1361 1615 supplicarent.
1420 1568 1551 1616 Atque
1578 1568 1631 1606 ita

302 1634 339 1671 in
362 1635 421 1671 his
443 1634 558 1672 rebus
580 1646 682 1671 unus
703 1639 761 1671 est
781 1633 887 1670 solus
905 1631 1087 1669 inventus
1108 1630 1175 1680 qui
1195 1631 1246 1669 ab
1263 1632 1335 1669 hac
1351 1638 1431 1669 tam
1454 1631 1630 1681 impensa

302 1701 503 1738 voluntate
530 1699 727 1736 bonorum
754 1699 883 1747 palam
914 1696 1130 1743 dissideret,
1156 1703 1197 1734 ut
1224 1695 1341 1734 etiam
1370 1698 1420 1745 Q.
1444 1698 1629 1736 Metellus

301 1766 449 1811 consul,
477 1764 543 1814 qui
572 1764 667 1801 mibi
693 1765 752 1801 vel
782 1762 951 1801 maxime
977 1775 1023 1800 ex
1050 1761 1201 1811 magnis
1226 1762 1547 1801 contentionibus
1574 1763 1627 1801 rei

300 1830 482 1879 publicae
506 1829 640 1867 fuisset
671 1828 864 1875 inimicus,
889 1829 939 1866 de
963 1840 1051 1866 mea
1079 1828 1203 1865 salute
1229 1826 1443 1866 rettulerit:
1474 1829 1540 1877 qui
1566 1841 1626 1867 ex-

301 1898 441 1933 citatus
475 1907 565 1932 curn
602 1907 756 1932 summa
792 1894 1022 1931 auctoritate
1059 1893 1100 1929 P.
1138 1891 1272 1931 Servili
1311 1898 1391 1929 tum
1421 1893 1633 1931 incredibili

300 1962 471 2011 quadam
495 1960 681 2010 gravitate
705 1959 876 2005 dicendi,
901 1972 992 1996 cum
1018 1957 1082 1996 ille
1110 1957 1238 1995 omnis
1266 1970 1388 2007 prope
1418 1957 1468 1995 ab
1498 1958 1627 1996 inferis

300 2033 500 2065 evocasset
532 2026 714 2063 Metellos
747 2032 784 2063 et
814 2025 865 2062 ad
897 2023 997 2061 illius
1028 2022 1189 2072 generis,
1218 2023 1326 2072 quod
1356 2021 1429 2060 sibi
1459 2036 1549 2061 curn
1579 2036 1628 2061 eo

346 2140 359 2159 1
386 2135 485 2168 atque
506 2130 660 2168 regiones
678 2140 745 2158 0111.
765 2127 871 2158 Sclzol.
954 2138 972 2156 2
998 2127 1209 2157 continuavit
1230 2127 1308 2157 coni.
1328 2125 1416 2157 Reid
1497 2137 1533 2166 13
1558 2133 1625 2159 tum

300 2172 417 2203 Lamb.
523 2183 559 2211 14
586 2178 619 2202 ut
639 2173 665 2202 si
687 2172 738 2202 G:
765 2173 827 2201 nisi
846 2171 879 2200 Ρ
894 2171 956 2200 rell.
1065 2171 1102 2199 18
1127 2175 1162 2200 ut
1180 2180 1245 2201 om.
1266 2169 1373 2200 Scliol.
1476 2181 1514 2208 19
1538 2171 1624 2202 idem

299 2216 331 2246 P
346 2217 408 2248 rell.
428 2229 433 2247 :
459 2218 567 2247 eidem
585 2216 695 2246 Halm
716 2219 768 2253 [ut
783 2214 879 2245 PBG
896 2216 928 2244 in
947 2214 965 2244 l.
988 2214 1043 2249 21)
1165 2214 1206 2243 26
1231 2224 1303 2243 cum
1324 2223 1451 2244 summa
1469 2214 1599 2245 Manat.
1618 2226 1625 2245 ε

299 2270 428 2291 summa
453 2271 526 2291 cum
553 2259 638 2290 codd.
774 2263 842 2288 tum
869 2257 1055 2288 incredibili
1084 2257 1188 2296 suppl.
1215 2257 1347 2287 Manut.
1398 2267 1471 2287 cum
1497 2267 1626 2288 summa

299 2305 499 2334 auctoritate
525 2305 676 2344 <senatus
706 2301 790 2340 tum>
818 2301 853 2331 Ρ.
882 2301 1003 2332 Servili
1029 2300 1171 2341 (divina)
1196 2301 1339 2339 quadam
1363 2310 1411 2339 gr.
1438 2301 1499 2332 dic.
1527 2300 1626 2331 Klotz

300 2348 347 2385 (in
370 2347 447 2377 Seu.
473 2350 488 2383 ξ
508 2357 568 2385 25;
593 2347 630 2385 cf
654 2346 751 2376 Prov.
777 2344 870 2375 Cous.
894 2344 1002 2382 §22):
1030 2354 1103 2374 cum
1127 2353 1256 2374 summa
1279 2348 1364 2374 auct.
1390 2343 1440 2383 (P.
1459 2344 1496 2375 C.
1522 2345 1624 2384 (patr.

299 2391 446 2429 conscr.)
464 2391 546 2430 tum>
565 2389 600 2421 P.
623 2389 743 2420 Servili
760 2388 947 2419 incredibili
966 2388 1108 2427 quadam
1126 2397 1174 2426 gr.
1196 2386 1258 2417 dic.
1282 2385 1473 2427 Wesenberg

1654 533 1671 564 5

1656 860 1693 882 10

1656 1187 1692 1220 Ῐ5

1651 1516 1691 1538 20

1647 1839 1687 1873 2⁵
