1774 2782
109 516 125 546 5

89 844 126 866 10

87 1168 125 1200 15

88 1493 126 1514 20

245 133 316 168 DE
348 132 513 170 DOMO
545 132 647 168 SVA
680 132 755 168 AD
790 131 1120 169 PONTIFICES
1151 131 1367 169 ORATIO
1425 141 1472 176 19

146 241 216 278 tibi
234 241 386 279 videtur
401 254 423 277 a
444 248 581 278 senatu
598 239 811 277 iudicatum
830 253 891 277 me
909 253 988 278 non
1008 241 1127 277 modo
1143 253 1224 276 non
1241 241 1471 277 ementitum

146 319 230 343 esse
251 306 521 343 auctoritatem
547 304 629 343 eius
651 304 810 351 ordinis,
833 306 902 343 sed
930 305 1047 343 etiam
1075 318 1197 342 unum
1223 312 1311 354 post
1336 305 1473 342 urbem

145 370 345 408 conditam
363 370 658 419 diligentissime
675 370 826 407 senatui
844 370 1045 419 paruisse?
1076 372 1184 418 Quot
1203 371 1330 407 modis
1347 371 1474 407 doceo

146 437 270 484 legem
293 435 416 481 istam,
440 448 558 484 quam
580 448 707 481 vocas,
731 448 811 472 non
832 448 917 472 esse
937 436 1093 484 legem?
1137 434 1274 482 Quid?
1304 435 1334 472 si
1355 434 1473 472 etiam

146 500 321 549 pluribus
342 501 391 538 de
407 500 523 537 rebus
544 513 624 537 uno
645 499 825 538 sortitore
851 500 982 546 tulisti,
1006 508 1191 537 tamenne
1216 499 1410 537 arbitraris
1434 499 1473 536 id

146 566 253 614 quod
277 567 330 603 M.
357 567 507 602 Drusus
533 564 572 602 in
593 564 744 614 legibus
766 564 844 602 suis
871 564 1076 614 plerisque,
1101 565 1299 614 perbonus
1322 564 1384 601 ille
1405 564 1471 611 vir,

148 633 204 669 M.
235 632 380 669 Scauro
414 639 451 669 et
488 633 530 669 L.
564 631 707 670 Crasso
742 629 970 668 consiliariis
1001 644 1080 668 non
1111 630 1334 676 obtinuerit,
1367 629 1406 667 id
1436 637 1473 667 te

146 709 270 746 posse,
294 695 471 733 omnium
498 695 715 733 facinorum
738 703 775 733 et
797 702 1020 745 stuprorum
1042 694 1256 742 hominem,
1282 694 1472 732 Decumis

146 770 182 799 et
205 762 354 800 Clodiis
375 762 601 799 auctoribus
623 761 831 799 obtinere?
882 760 1023 797 Tulisti
1045 762 1094 798 de
1116 774 1179 798 me
1200 774 1249 797 ne
1270 759 1469 809 reciperer,

146 840 224 864 non
250 835 290 864 ut
316 828 470 873 exirem,
493 839 611 875 quem
640 833 681 863 tu
710 825 793 875 ipse
818 839 898 863 non
923 833 1077 874 poteras
1101 825 1230 863 dicere
1251 838 1331 862 non
1357 824 1472 862 licere

145 905 229 929 esse
270 893 432 929 Romae.
499 892 607 940 Quid
647 890 751 929 enim
791 890 971 928 diceres?
1034 892 1307 928 Damnatum?
1368 898 1472 928 certe

145 971 237 995 non.
295 958 541 1006 Expulsum?
571 957 637 1006 qui
658 955 795 994 licuit?
851 957 928 994 Sed
950 964 1081 993 tamen
1102 969 1152 994 ne
1173 955 1212 994 id
1234 955 1394 1004 quidem
1415 963 1473 992 est

145 1022 341 1071 scriptum,
365 1029 406 1059 ut
431 1023 600 1068 exirem3
630 1034 758 1071 poena
785 1029 854 1068 est,
877 1021 943 1070 qui
969 1022 1167 1071 receperit,
1191 1034 1309 1070 quam
1334 1034 1472 1057 ornnes

146 1089 414 1135 neglexerunt3
434 1086 574 1124 eiectio
590 1099 785 1136 nusquam
803 1094 871 1124 est.
904 1088 1051 1124 Verum
1068 1086 1115 1124 sit
1133 1101 1139 1124 :
1164 1086 1289 1135 quid?
1309 1099 1471 1135 operum

147 1152 392 1201 publicorum
410 1152 571 1198 exactio,
596 1151 720 1201 quid?
749 1151 920 1189 nominis
942 1151 1142 1200 inscriptio
1159 1150 1228 1188 tibi
1249 1164 1344 1188 num
1365 1152 1472 1188 aliud

146 1218 296 1255 videtur
325 1231 410 1256 esse
444 1231 490 1255 ac
525 1231 702 1255 meorum
733 1217 929 1255 bonorum
965 1216 1162 1266 direptio?
1200 1224 1472 1266 praeterquam

145 1285 252 1334 quod
280 1297 330 1322 ne
355 1283 394 1321 id
419 1283 580 1332 quidem
605 1297 674 1333 per
703 1284 829 1332 legem
859 1282 1060 1328 Liciniam,
1088 1289 1130 1320 ut
1157 1282 1239 1332 ipse
1268 1282 1338 1320 tibi
1367 1296 1472 1319 cura-

145 1350 293 1387 tionem
314 1350 441 1395 ferres,
464 1350 591 1386 facere
611 1348 783 1398 potuisti.
831 1348 968 1396 Quid?
995 1349 1071 1385 hoc
1093 1348 1219 1397 ipsum
1242 1348 1349 1397 quod
1367 1361 1472 1384 nunc

144 1416 249 1464 apud
270 1414 474 1464 pontifices
494 1413 585 1463 agiS‚
606 1422 643 1451 te
663 1427 791 1451 meam
812 1414 977 1451 domum
998 1426 1258 1459 consecrasse,
1278 1421 1315 1450 te
1336 1426 1473 1450 monu-

147 1488 322 1517 mentum
342 1478 478 1516 fecisse
499 1478 538 1515 in
560 1480 656 1516 meis
677 1479 853 1526 aedibus,
876 1486 913 1516 te
935 1478 1088 1527 signum
1110 1479 1323 1524 dedicasse,
1347 1491 1472 1527 eaque

145 1553 182 1582 te
210 1558 254 1582 ex
282 1557 359 1582 una
386 1543 655 1592 rogatiuncula
682 1543 830 1589 fecisse,
863 1557 986 1580 unum
1011 1550 1049 1581 et
1079 1543 1184 1581 idern
1208 1542 1360 1581 videtur
1386 1556 1471 1580 esse

144 1619 262 1658 atque
283 1610 321 1646 id
342 1609 450 1658 quod
470 1609 520 1646 de
542 1622 604 1646 me
627 1608 711 1658 ipso
732 1607 964 1645 nominatim
988 1608 1137 1646 tulisti?
1193 1609 1292 1645 Tam
1314 1609 1471 1645 hercule

146 1682 202 1711 est
227 1687 349 1710 unum
379 1686 496 1722 quam
518 1673 625 1722 quod
656 1672 761 1710 idem
792 1681 833 1710 tu
861 1674 944 1721 lege
971 1686 1050 1710 una
1074 1672 1204 1720 tulisti,
1232 1681 1274 1710 ut
1305 1673 1471 1722 Cyprius

146 1752 220 1785 rex,
257 1738 366 1775 cuius
404 1737 570 1775 maiores
603 1737 694 1775 huic
724 1739 872 1787 populo
902 1737 996 1775 socii
1026 1745 1144 1787 atque
1172 1737 1289 1775 amici
1318 1751 1472 1787 semper

147 1806 310 1850 fuerunt,
337 1817 427 1841 cum
452 1802 567 1841 bonis
591 1804 776 1841 omnibus
807 1804 880 1841 sub
907 1817 1142 1853 praeconem
1168 1804 1406 1841 subiceretur
1433 1811 1471 1841 et

146 1871 295 1907 exsules
318 1871 547 1918 Byzantium
568 1870 858 1907 reducerentur.
910 1868 1100 1915 ‘Eidem‚'
1121 1868 1260 1918 inquit,
1286 1872 1471 1917 ‘utraque

145 1937 194 1973 de
220 1948 258 1972 re
283 1934 481 1983 negotium
512 1933 631 1971 dedi.'
689 1934 827 1983 Quid?
856 1934 886 1972 si
915 1933 1043 1972 eidem
1072 1934 1271 1983 negotium
1298 1934 1470 1972 dedisset

146 2009 185 2038 ut
222 2000 258 2037 in
288 1999 381 2037 Asia
405 1999 673 2048 cistophorum
702 2000 899 2048 flagitaret,
931 1998 1024 2037 inde
1049 1998 1118 2036 iret
1148 1998 1186 2035 in
1220 1998 1468 2048 Hispaniam,

146 2080 234 2104 cum
263 2067 432 2103 Romam
458 2065 700 2112 decessisset,
723 2067 971 2103 consulatum
994 2064 1029 2103 ei
1055 2072 1187 2114 petere
1212 2064 1354 2111 liceret,
1378 2078 1468 2102 cum

190 2180 207 2208 5
232 2170 387 2199 sortitore
411 2168 511 2198 tulisti
530 2168 668 2199 M‘adzn:
700 2170 819 2199 sortitu
847 2168 990 2199 retulisti
1019 2168 1152 2207 (retulis
1178 2167 1234 2202 ΓΙ)
1262 2167 1370 2198 redd:
1403 2178 1470 2197 una

147 2213 325 2243 sortitione
344 2212 669 2251 tnlistiflalngsorl.
691 2217 766 2242 recle
851 2214 872 2242 6
897 2214 967 2242 suis
982 2212 1038 2242 bk:
1064 2212 1131 2242 tuis
1152 2211 1239 2241 codd.
1255 2212 1331 2250 pler.
1396 2221 1469 2249 per-

147 2257 252 2287 bonus
283 2256 411 2294 scripsi:
437 2255 544 2285 bonus
570 2254 759 2294 Nangm‘us
784 2255 831 2291 <13
851 2267 857 2285 τ
883 2256 914 2285 in
944 2256 1040 2285 bonis
1063 2254 1095 2284 P
1117 2255 1182 2285 rell.
1200 2259 1328 2294 praeter
1341 2253 1470 2284 HGMk

149 2300 297 2339 (bonism
331 2299 535 2328 clarissimus
565 2298 752 2337 Lahmeyer,
777 2300 940 2328 innocens
966 2297 1091 2336 Muell.,
1118 2298 1345 2328 nobilissimus
1370 2297 1469 2327 Klotz

149 2353 164 2381 7
185 2342 380 2373 consiliariis
393 2341 527 2372 Adada:
549 2342 736 2371 consularis
749 2341 836 2372 codd.
928 2343 948 2371 8
971 2343 1121 2372 omnium
1141 2342 1201 2372 fac.
1221 2347 1253 2371 et
1265 2346 1351 2379 stup.
1367 2341 1467 2370 homi<

149 2397 224 2416 nem
256 2386 387 2425 scripsi:
420 2386 591 2415 hominum
612 2385 776 2424 (omnium
805 2384 921 2421 HMS‘,
954 2386 1123 2415 hominem
1159 2385 1202 2425 G)
1233 2385 1294 2415 sac,
1317 2389 1349 2413 et
1378 2389 1465 2422 stup.

147 2431 291 2460 omnium
312 2428 342 2457 P
356 2429 418 2459 rell.
439 2440 445 2459 :
471 2429 638 2458 hominem
659 2428 716 2459 sac.
737 2434 770 2458 et
786 2434 875 2467 stup.
895 2428 1040 2458 omnium
1059 2428 1147 2457 Bait.
1265 2438 1305 2457 ‘22
1331 2428 1466 2457 hercule

149 2473 270 2503 P¹Hk:
299 2473 409 2501 hercle
433 2472 450 2501 l
463 2471 522 2501 ²Bt
642 2483 679 2511 27
707 2472 858 2502 dedisset
874 2472 893 2500 k
910 2472 958 2501 ed.
980 2472 1041 2502 R.:
1073 2473 1224 2501 dedisses
1240 2472 1300 2502 pell.
1425 2481 1466 2503 ’.ὀ

152 2518 288 2547 Romam
311 2517 421 2546 Garat.
441 2528 447 2545 τ
475 2517 602 2546 Romae
621 2515 708 2546 codd.
730 2516 852 2545 *Roma
870 2516 902 2545 kl
923 2528 928 2545 :
955 2516 1031 2544 inde
1052 2515 1167 2545 [amb.

1495 145 1533 176 50

1495 775 1530 804 51

1492 899 1545 926 20

1494 1621 1531 1652 52
