1774 2782
132 539 149 570 5

115 864 153 885 10

114 1187 150 1219 15

111 1515 150 1536 20

267 159 339 195 ΗΕ
376 158 539 195 DOMO
571 158 673 194 SVA
706 157 781 193 Ar)
816 156 1148 193 PON'I‘IFICES
1180 155 1396 193 ORATIO
1449 164 1500 202 47
1525 169 1581 200 ¹²4

173 267 223 304 ad
258 268 410 304 caelum
447 274 577 303 tamen
608 265 767 303 exstruit
798 267 927 303 villam
960 266 997 302 in
1028 266 1256 302 'l‘usculano
1285 265 1498 302 visceribus

173 331 304 378 aerari,
328 331 422 368 mihi
445 344 550 369 meas
571 330 712 378 ruinas,
737 344 899 380 quarum
929 344 1001 380 ego
1029 329 1195 368 similem
1217 337 1339 367 totam
1363 330 1497 367 urbem

173 408 257 433 esse
274 408 409 445 passus
427 409 507 433 non
523 409 621 440 sum,
635 397 809 445 aspicere
826 409 906 433 non
924 396 1060 433 licuit?
1096 396 1249 433 Omitto
1265 394 1500 441 Gabinium;

173 460 297 510 quid?
334 462 514 510 exemplo
536 468 604 498 tuo
626 461 730 498 bona
747 468 811 498 tua
832 473 964 497 nonne
983 461 1024 497 L.
1045 459 1226 504 Ninnius,
1246 459 1301 496 vir
1322 458 1499 497 omnium

173 524 403 562 fortissimus
423 533 542 574 atque
571 526 755 575 optimus,
779 524 1048 563 consecravit?
1106 525 1228 572 Quod
1258 523 1300 570 si,
1330 524 1422 573 quia
1450 525 1500 561 ad

172 598 210 628 te
231 588 406 639 pertinet,
430 597 555 627 ratum
578 603 663 628 esse
684 603 801 640 negas
823 598 1012 639 oportere.
1035 601 1080 626 ea
1102 588 1183 626 iura
1203 588 1438 626 constituisti
1462 590 1500 625 in

172 655 369 704 praeclaro
386 653 585 692 tribunatu
603 662 671 692 tuo
687 654 830 704 quibus
848 654 885 692 in
904 661 940 692 te
962 654 1158 692 conversis
1180 666 1387 699 recusares,
1403 654 1499 690 alios

172 727 387 766 everteres;
421 720 480 756 sin
508 718 581 757 ista
610 720 854 757 consecratio
884 718 1056 768 legitima
1086 726 1153 764 est,
1179 717 1273 767 quid
1304 725 1361 755 est
1391 719 1499 766 quod

172 784 377 833 profanum
402 783 439 821 in
462 784 537 822 tuis
558 784 673 823 bonis
694 798 779 823 esse
799 784 951 834 possit?
998 785 1060 821 An
1083 783 1327 821 consecratio
1348 784 1499 820 nullum

173 849 290 886 habet
320 848 390 895 ius,
415 848 613 887 dedicatio
640 857 698 888 est
726 849 932 899 religiosa?
990 849 1098 897 Quid
1126 861 1217 897 ergo
1246 848 1309 885 illa
1329 855 1395 885 tua
1415 855 1499 885 tum

172 913 382 952 obtestatio
417 913 598 960 tibicinis,
632 915 727 964 quid
757 915 920 960 foculus,
953 915 1048 964 quid
1079 926 1223 964 preces,
1257 913 1352 962 quid
1386 914 1498 950 verba

171 978 296 1028 prisca
325 980 559 1016 valuerunt?
617 980 806 1026 ementiri,
838 980 979 1025 fallere,
1009 979 1117 1016 abuti
1149 979 1313 1016 deorum
1345 979 1498 1015 immor-

171 1044 306 1081 talium
328 1043 490 1082 numine
517 1045 567 1082 ad
590 1045 795 1082 hominum
825 1044 1004 1082 timorem
1034 1045 1130 1094 quid
1151 1043 1337 1081 voluisti?
1394 1044 1497 1080 Nam

171 1110 202 1146 si
219 1116 276 1146 est
291 1109 385 1146 illud
400 1109 697 1147 ratum—mitto
711 1110 1052 1148 Gabinium-tua
1065 1110 1208 1147 domus
1222 1116 1325 1146 certe
1341 1115 1378 1146 et
1394 1109 1497 1157 quic-

170 1173 265 1223 quid
300 1174 421 1212 habes
453 1176 558 1213 aliud
591 1174 724 1214 Cereri
760 1183 817 1213 est
851 1182 1154 1221 consecratum3
1193 1175 1250 1212 sin
1288 1175 1350 1211 ille
1382 1174 1498 1211 ludus

172 1239 252 1285 fuit,
285 1239 380 1289 quid
412 1248 449 1278 te
482 1240 682 1289 impurius,
716 1242 781 1290 qui
812 1240 1019 1290 religiones
1055 1241 1183 1277 omnis
1214 1240 1398 1289 pollueris
1432 1246 1498 1277 aut

170 1306 428 1342 ementiundo
457 1312 523 1342 aut
554 1306 800 1354 stuprando?
849 1307 959 1343 ‘Iam
995 1306 1139 1351 fateor‚'
1171 1304 1308 1354 inquit,
1343 1307 1428 1341 ‘me
1459 1305 1497 1340 in

170 1369 343 1407 Gabinio
371 1370 560 1407 nefarium
590 1370 732 1407 fuisse.'
790 1371 950 1419 Quippe
971 1369 1079 1407 vides
1102 1382 1270 1419 poenam
1293 1368 1396 1405 illam
1418 1382 1441 1405 a
1461 1376 1498 1405 te

171 1435 208 1471 in
243 1433 362 1471 alium
403 1434 620 1472 institutam
660 1435 698 1471 in
739 1442 777 1472 te
815 1434 944 1491 ipsum
980 1447 1065 1473 esse
1099 1447 1341 1472 conversam.
1407 1434 1495 1480 Sed,

170 1499 291 1536 homo
312 1498 488 1536 omnium
511 1501 701 1537 scelerum
728 1499 1042 1549 flagitiorumque
1071 1500 1365 1545 documentum,
1390 1500 1498 1547 quod

171 1565 208 1601 in
249 1564 420 1602 Gabinio
451 1564 591 1611 fateris,
624 1565 735 1602 cuius
766 1564 1051 1614 impudicitiam
1083 1564 1281 1614 pueritiae,
1315 1563 1497 1602 libidines

169 1629 471 1675 adulescentiae,
505 1630 679 1668 dedecus
715 1638 752 1668 et
788 1637 1000 1679 egestatem
1037 1629 1208 1679 reliquae
1243 1629 1356 1676 vitae,
1388 1631 1497 1668 latro-

169 1693 315 1731 cinium
345 1695 570 1732 consulatus
600 1694 782 1740 vidimuS,
813 1694 875 1732 cui
907 1708 955 1732 ne
986 1694 1058 1732 ista
1093 1695 1253 1744 quidem
1285 1695 1368 1744 ipsa
1401 1696 1498 1732 cala-

170 1760 282 1796 mitas
312 1759 451 1797 iniuria
480 1761 607 1808 potuit
636 1759 826 1806 accidere,
850 1759 890 1798 id
916 1760 954 1797 in
985 1773 1046 1797 me
1075 1759 1258 1806 infirmas,
1282 1767 1320 1797 et
1345 1759 1498 1808 gravius

133 1842 147 1872 .·
169 1835 253 1861 esse
282 1823 379 1861 dicis
407 1825 516 1873 quod
544 1837 623 1861 uno
650 1825 905 1862 adulescente
933 1838 1051 1873 quarn
1074 1825 1182 1873 quod
1208 1823 1394 1861 contione
1416 1831 1497 1861 tota

169 1896 265 1926 teste
287 1888 441 1926 fecisti?

224 1953 456 1991 ‘Dedicatio
482 1955 688 2003 magnam}
711 1953 847 2003 inquit,
874 1955 1015 1992 ‘habet
1043 1954 1294 2004 religionem.'
1352 1956 1497 1993 Nonne

167 2017 278 2055 vobis
307 2019 439 2056 Numa
467 2019 684 2068 Pompilius
713 2021 865 2057 videtur
893 2020 1030 2069 loqui?
1088 2020 1238 2058 Discite
1266 2021 1494 2067 orationem,

167 2082 384 2130 pontifices,
415 2090 452 2120 et
482 2096 562 2128 vos,
592 2083 797 2131 flamines3
836 2085 952 2121 etiam
984 2092 1036 2131 tu,
1070 2098 1144 2130 rex,
1176 2086 1284 2123 disce
1312 2098 1334 2122 a
1363 2084 1495 2133 gentili

210 2197 228 2224 4
256 2186 400 2217 Ninnius
421 2186 532 2218 Garat.
552 2199 557 2217 :
584 2187 741 2218 Nunnius
757 2188 845 2218 codd.
961 2190 981 2218 6
1005 2199 1044 2219 ea
1065 2188 1151 2218 G‘2k:
1175 2189 1205 2219 ei
1226 2189 1289 2219 rell.
1394 2199 1409 2227 7
1436 2190 1494 2219 tri-

166 2228 312 2260 bunatuo
326 2229 402 2260 PB:
427 2231 465 2270 cf.
479 2235 494 2269 ξ
507 2242 548 2270 42
641 2242 680 2262 10
698 2232 748 2261 ius
763 2232 782 2261 k
794 2232 886 2261 solus
899 2242 914 2260 e
927 2233 1026 2261 meis:
1046 2232 1169 2262 nullam
1185 2233 1283 2262 habet
1296 2233 1494 2271 religionem

167 2272 299 2311 Lamb.,
320 2274 440 2304 nullam
461 2274 526 2304 vim
545 2274 643 2304 habet
657 2275 773 2306 Garat.
867 2285 877 2304 1
890 2285 901 2305 1
929 2275 1030 2305 verba
1047 2275 1123 2306 add.
1142 2275 1249 2305 Halm
1344 2286 1380 2305 12
1406 2275 1496 2305 valu-

166 2322 265 2346 erunt
282 2318 315 2347 in
339 2328 405 2357 mg.
425 2321 457 2348 t:
482 2318 660 2348 voluerunt
678 2318 741 2348 rell.
944 2328 982 2356 13
1008 2323 1132 2348 metum
1153 2320 1369 2357 timoremque
1387 2317 1495 2347 Halm

166 2360 244 2397 quid
257 2359 334 2389 ku
351 2372 358 2391 :
375 2361 429 2400 qui
442 2360 505 2392 rell.
522 2362 617 2401 (-que
630 2360 689 2394 Pu
703 2374 708 2391 ς
722 2372 787 2391 om.
806 2360 937 2391 Manui.
1012 2372 1054 2401 23
1079 2362 1249 2392 calamitas
1262 2362 1380 2391 iniuria
1393 2360 1493 2390 ku:

167 2402 336 2433 calamitas
354 2404 435 2433 iuria
452 2403 494 2433 Ρι
512 2415 519 2434 :
543 2404 740 2434 calamitatis
758 2405 879 2434 iniuria
896 2404 941 2434 P*
958 2405 1022 2435 rell.

1520 363 1571 408 48

1527 433 1584 462 125

1525 1308 1583 1340 126

1524 1993 1581 2025 12?
