1774 2782
485 143 596 181 PRO
628 145 667 181 P.
700 142 892 181 SESTIO
924 142 1140 181 ORATIO
1433 153 1476 190 13
1498 161 1539 193 30

154 253 302 292 sulibus
328 253 450 291 iuberi
469 268 474 291 :
505 259 623 302 atque
643 252 716 290 illis
737 260 817 290 erat
838 260 920 290 tum
951 253 1097 290 reditus
1120 252 1159 290 in
1180 265 1268 290 suas
1289 252 1475 299 civitates,

153 320 203 357 ad
237 331 328 357 suos
361 319 480 356 Lares
515 317 723 363 familiaris,
755 325 793 356 et
823 317 862 355 in
893 319 959 355 illo
989 317 1191 356 communi
1223 319 1478 356 incommodo

153 385 259 422 nulla
286 385 324 421 in
350 395 591 433 quemquam
619 382 774 432 propria
802 382 1018 433 ignominia
1044 383 1276 421 nominatim
1298 383 1474 422 cadebat.

155 451 247 488 Hoc
279 462 369 488 vero
400 448 496 498 quid
528 450 616 486 est?
672 448 958 487 Exterminabit
988 449 1082 487 civis
1114 451 1317 488 Romanos
1347 450 1478 488 edicto

117 526 132 556 5
153 515 290 553 consul
311 528 333 552 a
353 515 432 552 suis
453 513 513 552 dis
542 513 780 563 penatibus?
836 514 1015 563 Expellet
1040 527 1085 551 ex
1113 515 1264 563 patria?
1322 514 1478 564 Deliget

153 592 271 628 quem
306 579 421 625 volet,
457 577 662 616 damnabit
695 586 814 627 atque
849 578 962 616 eiciet
997 578 1264 616 nominatim?
1332 579 1412 616 Hic
1447 579 1478 617 si

152 656 340 693 umquam
361 656 430 681 vos
451 655 519 681 eos
546 643 612 692 qui
638 656 744 680 nunc
769 642 861 681 estis
890 644 928 680 in
950 656 989 682 re
1010 643 1167 693 publica
1189 645 1270 682 fore
1290 652 1474 692 putasset,

153 709 184 747 si
215 708 388 758 denique
422 708 632 758 imaginem
668 708 902 746 iudiciorum
937 716 1003 746 aut
1035 708 1286 747 simulacrum
1317 709 1478 758 aliquod

152 775 325 811 futurum
359 773 399 811 in
438 773 594 811 civitate
632 774 825 823 reliquum
860 774 1100 819 credidisset,
1137 787 1325 823 umquam
1361 787 1478 812 ausus

95 852 133 874 10
153 846 254 877 esset
284 847 463 877 senatum
494 839 544 876 de
571 852 611 876 re
638 838 796 888 publica
826 840 972 885 tollere,
996 840 1172 888 equitum
1204 841 1477 878 Romanorum

153 917 287 954 preces
308 904 516 954 aspernari,
539 903 683 941 civium
704 904 877 953 denique
898 903 1076 942 omnium
1102 903 1213 942 novis
1234 911 1271 942 et
1294 903 1477 942 inauditis

153 969 292 1008 edictis
313 970 370 1007 ius
391 969 691 1018 libertatemque
712 971 959 1018 pervertere?

206 1035 290 1073 Etsi
330 1048 393 1073 me
431 1034 700 1073 attentissimis
738 1034 879 1073 animis
919 1048 1072 1073 summa
1107 1049 1197 1073 cum
1237 1035 1477 1085 benignitate
1498 1051 1536 1081 31

152 1099 307 1146 auditis,
331 1099 490 1145 iudices,
515 1107 647 1137 tamen
668 1112 802 1137 vereor
829 1113 878 1137 ne
899 1101 986 1149 quis
1007 1101 1105 1138 forte
1126 1108 1297 1138 vestrum
1320 1100 1479 1138 miretur

95 1175 133 1206 15
154 1164 251 1214 quid
272 1165 369 1202 haec
394 1177 481 1201 mea
505 1163 628 1202 oratio
649 1171 727 1201 tam
755 1165 871 1213 longa
894 1172 961 1202 aut
989 1172 1067 1202 tam
1093 1166 1170 1203 alte
1191 1165 1353 1215 repetita
1374 1165 1474 1212 velit,

152 1238 219 1268 aut
239 1229 335 1279 quid
355 1230 406 1267 ad
428 1231 468 1267 P.
493 1230 592 1267 Sesti
619 1242 778 1267 causam
806 1242 941 1267 eorum
970 1230 1037 1280 qui
1061 1238 1151 1269 ante
1173 1230 1288 1268 huius
1310 1230 1479 1269 tribuna-

152 1302 235 1332 tum
258 1307 337 1332 rem
359 1294 557 1344 publicam
574 1303 761 1332 vexarunt
782 1295 926 1333 delicta
946 1295 1177 1345 pertineant.
1229 1295 1330 1333 Mihi
1346 1303 1477 1334 autem

152 1360 228 1398 hoc
248 1360 493 1410 propositum
521 1367 579 1397 est
606 1360 826 1405 ostendere,
850 1361 983 1398 onmia
1005 1360 1168 1398 consilia
1190 1362 1230 1398 P.
1252 1360 1349 1399 Sesti
1373 1374 1478 1399 men-

152 1433 312 1474 temque
333 1424 451 1462 totius
469 1424 688 1462 tribunatus
710 1425 811 1462 hanc
832 1425 960 1472 fuisse,
980 1433 1021 1463 ut
1042 1425 1222 1464 adflictae
1244 1433 1281 1463 et
1302 1425 1477 1475 perditae

93 1505 133 1528 ao
152 1490 206 1528 rei
227 1489 407 1540 publicae
423 1498 615 1539 quantum
632 1498 764 1539 posset
782 1491 1012 1529 mederetur.
1054 1493 1114 1529 Ac
1130 1492 1160 1529 si
1177 1491 1217 1528 in
1233 1491 1477 1540 exponendis

152 1555 377 1594 vulneribus
399 1556 471 1592 illis
493 1555 543 1593 de
560 1568 622 1593 me
643 1556 728 1604 ipso
750 1557 860 1605 plura
880 1556 1010 1594 dicere
1026 1556 1200 1604 videbor,
1220 1556 1453 1606 ignoscitote
1470 1571 1478 1603 ;

151 1634 243 1658 nam
271 1628 309 1658 et
336 1621 441 1658 illam
469 1633 596 1658 meam
625 1622 778 1659 cladem
804 1634 872 1659 vos
902 1630 940 1659 et
971 1634 1109 1660 omnes
1138 1622 1230 1660 boni
1263 1621 1476 1659 maximum

152 1698 236 1724 esse
258 1686 311 1724 rei
333 1685 514 1736 publicae
530 1686 671 1723 vulnus
688 1687 900 1733 iudicastis,
919 1694 956 1724 et
979 1689 1020 1725 P.
1040 1686 1187 1725 Sestius
1209 1694 1267 1725 est
1287 1700 1374 1725 reus
1396 1700 1476 1725 non

153 1764 236 1798 suo,
260 1751 329 1789 sed
351 1763 440 1789 meo
461 1751 647 1789 nomine:
677 1750 744 1801 qui
772 1765 862 1789 cum
890 1765 1050 1790 omnem
1072 1753 1149 1789 vim
1178 1753 1235 1790 sui
1258 1752 1476 1790 tribunatus

93 1828 133 1859 25
154 1817 193 1854 in
232 1828 320 1854 mea
357 1817 481 1854 salute
519 1818 817 1867 consumpserit,
854 1830 1015 1856 necesse
1054 1826 1111 1856 est
1151 1830 1279 1855 meam
1318 1830 1476 1855 causam

152 1882 345 1931 praeteriti
381 1882 567 1931 temporis
607 1896 697 1920 cum
737 1883 852 1921 huius
891 1883 1085 1933 praesenti
1124 1882 1355 1922 defensione
1393 1895 1477 1921 esse

150 1948 413 1986 coniunctam.

204 2013 296 2051 Erat
330 2013 444 2062 igitur
477 2013 516 2050 in
556 2014 663 2051 luctu
698 2021 867 2060 senatus,
902 2013 1107 2063 squalebat
1146 2013 1281 2051 civitas
1316 2014 1474 2062 publico
1496 2000 1538 2036 ¹4

151 2079 316 2116 consilio
336 2086 442 2117 veste
463 2086 622 2125 mutata,
645 2080 796 2117 nullum
818 2088 897 2117 erat
920 2079 1057 2118 Italiae
1078 2080 1346 2128 municipium,
1370 2079 1475 2115 nulla
1495 2062 1533 2092 32

92 2157 131 2187 30
151 2144 316 2189 colonia,
336 2144 442 2181 nulla
463 2145 713 2193 praefectura,
734 2146 840 2182 nulla
858 2147 1011 2183 Romae
1033 2144 1198 2183 societas
1215 2143 1472 2193 vectigalium,

150 2209 300 2246 nullum
329 2210 551 2259 conlegium
578 2217 645 2247 aut
672 2209 883 2248 concilium
911 2218 978 2248 aut
1003 2211 1166 2248 omnino
1191 2209 1352 2258 aliquod
1373 2222 1475 2246 com-

197 2323 209 2342 1
237 2313 327 2352 atqui
338 2312 513 2343 Fleckeisen
605 2319 676 2343 erat
695 2318 761 2343 tum
776 2313 865 2344 ΡΒΣ
881 2326 886 2344 :
910 2318 977 2343 tum
992 2319 1063 2344 erat
1081 2313 1113 2343 b²
1126 2314 1171 2344 sd.
1188 2313 1232 2343 R.
1362 2322 1399 2342 12
1425 2314 1476 2343 ius

150 2356 207 2387 s.l.
226 2355 270 2386 P²
361 2366 397 2394 14
423 2362 571 2386 vestrum
589 2356 675 2386 sorte
692 2356 800 2387 Sclzol.
905 2358 943 2386 18
967 2368 1061 2397 prop.
1083 2362 1144 2395 est,
1165 2357 1347 2387 ostendere
1365 2356 1472 2393 Klotz,

150 2399 259 2430 Halm
392 2401 433 2429 28
458 2399 490 2429 in
507 2399 597 2430 luctu
615 2399 740 2437 civitas,
759 2400 865 2439 squal.
883 2411 954 2432 sen.
973 2401 1062 2431 Paul
1174 2411 1215 2439 29
1240 2405 1333 2430 veste
1350 2405 1474 2430 mutata

146 2448 208 2483 pro
219 2442 414 2483 glossemate
429 2443 523 2472 habet
537 2442 574 2473 F.
593 2442 720 2473 Sclzoell
849 2454 891 2482 30
916 2444 1126 2482 vectigalium
1146 2443 1202 2474 del.
1222 2444 1314 2474 Paul
1329 2487 1387 2518 10*
