1774 2782
229 102 279 137 28
301 105 343 146 64
483 102 593 139 PRO
626 103 667 138 L.
701 101 994 139 CORNELIO
1027 101 1210 138 BALBO
1242 101 1458 139 ORATIO

300 206 449 260 antiqui
466 211 604 256 Latini,
622 211 751 248 videte
768 223 817 247 ne
834 210 967 249 utilius
978 211 1092 250 vobis
1104 218 1142 250 et
1154 210 1359 249 honestius
1374 210 1421 249 sit
1435 210 1508 250 illis
1522 212 1628 250 duci-

301 277 374 314 bus
395 289 519 313 errare
541 288 659 324 quarn
682 276 757 313 hoc
782 275 966 324 magistro
986 276 1141 314 erudiri.
1202 277 1281 315 Sed
1305 277 1336 315 si
1364 277 1416 315 de
1435 285 1553 324 certo,
1576 278 1627 316 de

300 342 517 390 perspicuo,
541 341 591 378 de
613 341 707 387 utili,
731 341 781 378 de
808 341 985 390 probato,
1009 343 1059 379 de
1090 342 1263 380 iudicato
1290 341 1402 380 vobis
1431 341 1514 381 iure
1540 355 1628 383 esse

300 406 622 443 constituendum
645 404 795 451 videtis,
819 407 940 444 nolite
963 406 1211 445 committere
1231 414 1273 445 ut
1294 408 1334 444 in
1354 420 1395 445 re
1414 414 1496 445 tam
1516 406 1626 448 inve-

299 544 390 574 ante
419 537 555 573 oculos
589 542 737 574 vestros
768 536 999 586 proponite:
1031 536 1200 586 primurn
1231 550 1317 575 esse
1346 537 1475 575 omnis
1505 539 1625 577 etiam

299 608 387 650 post
408 608 572 639 mortem
601 613 686 638 reos
712 601 947 639 clarissimos
969 603 1054 640 illos
1079 603 1180 640 viros
1205 603 1271 651 qui
1294 603 1513 641 foederatos
1534 602 1626 641 civi-

300 673 379 704 tate
405 667 600 704 donarunt
618 680 626 712 3
666 666 811 705 deinde
833 674 1012 705 senatum
1031 668 1096 716 qui
1119 668 1194 705 hoc
1216 666 1411 713 iudicavit,
1434 669 1625 717 populum

299 732 365 780 qui
387 730 507 777 iussit,
533 731 679 770 iudices
710 733 775 781 qui
802 732 1080 781 adprobarunt.
1140 734 1244 769 Tum
1267 731 1383 770 etiam
1406 733 1501 770 illud
1522 734 1626 782 cogi-

298 804 388 843 tate,
412 796 466 835 sic
487 796 614 836 vivere
635 811 681 836 ac
700 797 839 835 vixisse
856 797 1086 836 Cornelium
1105 804 1158 844 ut,
1178 810 1268 835 cum
1290 797 1468 835 omnium
1488 810 1626 847 pecca-

300 868 429 899 torum
449 862 700 911 quaestiones
721 862 807 907 sint,
831 875 912 899 non
933 862 983 899 de
1010 861 1193 899 vitiorum
1210 874 1374 900 suorum
1392 874 1534 911 poena,
1555 864 1626 901 sed

299 928 350 965 de
379 927 529 964 virtutis
558 927 732 976 praemio
767 926 806 964 in
840 925 1028 964 iudicium
1058 934 1228 964 vocetur.
1302 928 1479 964 Accedat
1508 927 1626 965 etiam

302 992 408 1039 illud,
432 999 473 1030 ut
495 992 671 1030 statuatis
693 993 769 1029 hoc
791 991 938 1030 iudicio
959 998 1088 1029 utrum
1111 992 1276 1041 posthac
1295 991 1487 1029 amicitias
1507 994 1626 1030 claro-

300 1071 384 1095 rum
401 1057 570 1095 virorum
587 1056 797 1095 calamitati
814 1056 1041 1095 hominibus
1057 1070 1106 1093 an
1121 1064 1354 1094 ornamento
1370 1070 1455 1094 esse
1472 1056 1626 1096 malitis.

302 1124 506 1160 Postremo
527 1122 635 1169 illud,
660 1122 820 1167 iudices,
838 1122 958 1159 fixum
978 1120 1020 1159 in
1037 1121 1181 1159 animis
1198 1121 1336 1160 vestris
1356 1128 1541 1168 tenetote,
1558 1135 1626 1160 vos

300 1187 340 1225 in
361 1188 433 1225 hac
455 1201 572 1225 causa
596 1201 677 1226 non
704 1189 754 1226 de
785 1186 979 1225 maleficio
1009 1187 1050 1224 L.
1075 1186 1246 1233 Corneli,
1270 1187 1339 1225 sed
1361 1187 1413 1225 de
1431 1185 1626 1225 beneficio

301 1254 373 1292 Cn.
398 1252 563 1302 Pompei
584 1253 834 1291 iudicaturos.

344 1357 364 1385 8
388 1355 442 1394 qui
461 1356 523 1385 hoc
545 1355 606 1385 G‘2:
632 1355 686 1393 qui
706 1366 741 1385 se
761 1356 838 1394 (per
855 1365 891 1385 sc
906 1366 982 1384 corr.
1002 1355 1030 1386 b.
1057 1355 1100 1385 ed.
1117 1355 1174 1394 R.)
1194 1355 1256 1384 hoc
1272 1353 1334 1385 rell.
1354 1366 1360 1384 :
1386 1354 1439 1392 qui
1459 1364 1625 1393 persaepe

300 1400 361 1429 hoc
380 1398 466 1429 Hb‘w'
476 1398 640 1438 Angelius
657 1410 663 1429 z
687 1398 742 1437 qui
762 1408 863 1437 saepe
881 1399 943 1428 hoc
962 1398 1060 1428 Klotz

263 483 278 513 5
300 478 421 509 terata
441 471 652 520 quicquam
670 471 760 508 novi
783 471 970 509 sentiatis.
1020 473 1145 510 Simul
1161 480 1199 510 et
1221 474 1295 519 illa,
1315 472 1474 521 iudices,
1493 473 1627 513 omnia
1644 488 1663 521 5

1648 813 1686 835 10

1649 1137 1684 1169 15
