1774 2782
259 131 300 168 17
321 135 362 166 40
686 122 742 159 M.
774 122 941 158 TVLLI
975 120 1283 159 CICERONIS

249 612 290 648 18

249 1281 285 1311 41

318 226 530 265 exercitum
557 227 596 265 in
626 228 739 266 Italia
766 228 992 275 maximum,
1015 229 1107 275 duo,
1130 226 1197 277 qui
1228 226 1364 277 privati
1392 234 1474 264 tum
1500 233 1643 273 essent,

316 299 353 329 et
375 294 519 340 populo
547 293 724 330 Romano
747 306 926 342 praeesse
953 300 990 331 et
1018 306 1163 342 parare,
1190 291 1220 330 si
1246 292 1400 338 vellent,
1430 290 1643 330 exercitum

316 368 442 404 posse,
466 356 585 405 idque
611 358 779 395 facturos
802 371 886 396 esse
907 357 1075 396 dicebat.
1135 359 1220 395 Nec
1246 356 1341 395 mihi
1369 355 1433 395 ille
1454 355 1641 394 iudicium

316 420 451 469 populi
480 434 552 459 nec
583 421 798 471 legitimam
827 422 1000 472 aliquam
1026 422 1323 460 contentionem
1352 434 1426 460 nec
1453 420 1643 470 discepta-

315 485 464 524 tionem
503 495 571 525 aut
606 501 747 526 causae
786 488 1013 536 dictionem,
1051 489 1120 526 sed
1159 487 1248 535 vim,
1285 501 1403 534 arma,
1440 487 1639 534 exercitus,
1663 501 1680 532 5

314 550 581 600 imperatores,
605 561 730 591 castra
750 552 1020 591 denuntiabat.

368 616 477 664 Quid
498 619 619 667 ergo?
649 617 796 655 inimici
818 618 953 666 oratio,
977 631 1076 656 vana
1096 618 1335 668 praesertim,
1358 625 1437 656 tam
1463 616 1642 667 improbe

314 681 352 719 in
374 682 611 721 clarissimos
632 682 734 721 viros
755 684 935 721 coniecta
957 697 1019 722 me
1041 682 1191 722 movit?
1235 684 1305 721 Me
1325 696 1417 721 vero
1438 695 1519 720 non
1540 681 1640 720 illius

313 746 448 793 oratio,
467 748 537 785 sed
554 761 688 785 eorum
707 747 949 786 taciturnitas
967 748 1006 786 in
1023 761 1122 798 quos
1139 747 1204 785 illa
1219 747 1344 786 oratio
1360 755 1439 785 tam
1460 746 1641 796 improba

314 812 613 860 conferebatur3
642 812 709 862 qui
731 821 826 861 tum,
845 827 1084 864 quamquam
1101 813 1154 851 ob
1170 812 1264 851 alias
1285 826 1422 851 causas
1443 812 1636 858 tacebant,
1662 825 1700 847 10

312 884 444 914 tamen
484 876 713 915 hominibus
752 879 887 915 omnia
926 877 1156 916 timentibus
1196 878 1366 915 tacendo
1404 877 1524 926 loqui,
1559 889 1640 914 non

313 943 519 980 infitiando
535 943 713 980 confiteri
730 943 976 981 videbantur.
1022 943 1083 981 Illi
1099 950 1230 982 autem
1248 944 1381 992 aliquo
1401 950 1483 980 tum
1502 943 1640 980 timore

311 1006 512 1055 perterriti,
547 1008 655 1056 quod
687 1015 773 1045 acta
808 1008 873 1045 illa
903 1015 1022 1057 atque
1053 1007 1182 1046 omnis
1214 1021 1274 1046 res
1305 1007 1397 1045 anni
1432 1006 1640 1057 superioris

311 1070 535 1108 labefactari
557 1084 579 1109 a
600 1071 856 1121 praetoribus,
880 1071 1066 1110 infirmari
1084 1086 1105 1110 a
1126 1080 1263 1111 senatu
1279 1080 1398 1122 atque
1417 1086 1439 1110 a
1460 1071 1640 1122 principi-

311 1136 383 1173 bus
416 1136 581 1173 civitatis
614 1136 818 1186 putabant,
851 1137 1051 1175 tribunum
1084 1139 1313 1187 popularem
1345 1151 1368 1175 a
1399 1150 1440 1175 se
1470 1138 1639 1175 alienare
1662 1149 1698 1182 15

312 1202 509 1248 nolebant,
547 1215 696 1251 suaque
736 1202 809 1240 sibi
850 1202 1032 1252 propiora
1071 1216 1157 1241 esse
1195 1202 1367 1253 pericula
1400 1215 1518 1252 quam
1551 1215 1639 1241 mea

310 1268 580 1317 loquebantur.
641 1269 720 1306 Sed
755 1276 887 1307 tamen
919 1277 957 1307 et
994 1270 1157 1308 Crassus
1192 1283 1214 1307 a
1245 1268 1474 1307 consulibus
1508 1281 1637 1306 meam

309 1346 466 1370 causam
484 1333 775 1382 suscipiendam
793 1347 878 1373 esse
894 1334 1062 1382 dicebat,
1079 1343 1116 1373 et
1134 1348 1269 1373 eorum
1287 1335 1406 1373 fidem
1424 1335 1637 1384 Pompeius

309 1399 544 1448 implorabat
584 1412 714 1448 neque
746 1413 787 1438 se
821 1401 1013 1449 privatum
1054 1401 1213 1450 publice
1252 1407 1458 1449 susceptae
1496 1413 1637 1438 causae

308 1465 532 1502 defuturum
560 1476 645 1502 esse
673 1464 855 1512 dicebat3
885 1478 1003 1514 quem
1025 1465 1149 1502 virum
1178 1464 1399 1503 studiosum
1421 1464 1510 1511 mei,
1533 1466 1636 1514 cupi·
1658 1479 1698 1501 20

308 1530 514 1567 dissimum
557 1528 611 1566 rei
655 1529 837 1579 publicae
883 1531 1189 1577 conservandae,
1234 1529 1343 1568 domi
1390 1543 1500 1569 meae
1542 1529 1636 1568 certi

307 1593 488 1632 homines
519 1595 569 1632 ad
605 1607 689 1632 eam
727 1607 808 1632 rem
844 1595 959 1644 positi
993 1602 1232 1634 monuerunt
1264 1602 1306 1633 ut
1341 1603 1442 1634 esset
1474 1595 1634 1643 cautior,

306 1658 468 1708 eiusque
502 1659 603 1697 vitae
637 1673 658 1697 a
694 1673 756 1698 me
792 1659 953 1698 insidias
989 1662 1095 1711 apud
1131 1675 1194 1699 me
1228 1660 1337 1699 domi
1372 1660 1519 1711 positas
1551 1674 1635 1699 esse

305 1723 485 1762 dixerunt
502 1739 510 1771 3
539 1733 657 1774 atque
675 1726 776 1762 lianc
794 1726 877 1763 eius
899 1726 1164 1776 suspicionem
1181 1726 1245 1764 alii
1262 1726 1398 1765 litteris
1419 1726 1631 1774 mittendis,

303 1789 367 1827 alii
395 1789 554 1837 nuntiis,
576 1789 640 1827 alii
668 1803 800 1828 coram
830 1791 903 1840 ipsi
928 1794 1204 1837 excitaverunt,
1226 1799 1267 1830 ut
1295 1791 1369 1838 ille,
1399 1806 1489 1830 cum
1518 1806 1540 1831 a
1570 1806 1633 1830 me
1654 1803 1691 1835 25

304 1863 406 1893 certe
428 1854 524 1892 nibil
545 1855 708 1902 timeret,
731 1856 781 1893 ab
803 1856 888 1901 illis,
911 1871 960 1895 ne
981 1859 1077 1907 quid
1099 1871 1189 1896 meo
1210 1857 1372 1896 nomine
1391 1860 1629 1904 molirentur,

303 1920 377 1958 sibi
398 1922 618 1958 cavendum
640 1929 806 1971 putaret.
868 1924 959 1972 Ipse
986 1930 1117 1961 autem
1141 1924 1296 1970 Caesar,
1320 1937 1437 1973 quem
1463 1922 1631 1961 maxime

302 1987 481 2024 homines
503 1985 623 2035 ignari
646 1986 816 2025 veritatis
843 1987 939 2025 mibi
967 2001 1052 2026 esse
1082 1988 1221 2026 iratum
1249 1988 1451 2038 putabant,
1476 1996 1555 2026 erat
1579 1988 1630 2025 ad

344 2101 362 2119 2
387 2091 512 2129 populo
535 2090 688 2122 Romano
717 2092 828 2131 (-p·r-N
855 2102 1014 2130 praeesse
1039 2093 1155 2133 scripsi
1178 2092 1210 2131 (ξ
1233 2093 1331 2131 ΙοἹἿι
1362 2102 1520 2131 praeesse
1537 2093 1625 2124 codd.

301 2135 357 2171 (sc.
373 2135 555 2165 exercitui&
572 2145 577 2164 :
597 2141 733 2173 praesto
745 2146 822 2166 esse
837 2136 891 2166 Fr.
911 2136 944 2167 C.
963 2136 1081 2177 lVoffff:
1100 2136 1183 2175 reip.
1198 2146 1358 2175 praeesse
1375 2135 1470 2167 Orell.
1487 2135 1548 2175 (Cl.
1562 2136 1625 2175 Qu.

298 2177 345 2213 iii,
359 2182 391 2217 p.
412 2178 492 2216 2693
509 2189 514 2207 z
543 2177 674 2208 Romae
693 2189 769 2208 esse
787 2179 926 2209 ,Mueller
1025 2190 1041 2218 7
1069 2179 1179 2218 Quid?
1197 2189 1278 2217 ergo
1296 2179 1413 2209 Lamb.
1514 2180 1534 2208 8
1559 2190 1626 2210 non

299 2221 388 2251 illius
405 2220 437 2250 P
455 2221 517 2250 rell.
536 2226 664 2260 praeter
684 2223 703 2251 k
728 2223 760 2251 in
779 2234 842 2262 quo
858 2226 921 2253 est:
947 2234 1014 2253 non
1034 2223 1136 2253 movit
1160 2223 1248 2253 illius
1271 2226 1309 2253 ut
1330 2233 1422 2253 man.
1442 2233 1495 2254 rec.
1522 2223 1555 2252 in
1573 2223 1625 2255 P:

298 2265 386 2294 illius
410 2264 517 2294 oratio
545 2270 612 2294 tam
638 2266 789 2304 improba
807 2266 878 2297 PR.
928 2266 1010 2297 Post
1026 2267 1120 2296 vocab
1144 2266 1355 2296 taciturnitas
1372 2265 1445 2295 add.
1469 2266 1625 2298 movebat

296 2306 413 2346 Sclzol⁷
427 2309 520 2347 quiet
531 2313 597 2338 tam
612 2309 761 2347 improba
771 2310 882 2339 omisit
968 2320 1006 2340 12
1024 2310 1088 2340 alio
1100 2309 1200 2347 Bake,
1213 2309 1374 2348 quz'verba
1386 2309 1559 2347 deletquod
1574 2335 1579 2341 .
1592 2335 1599 2342 .
1613 2335 1621 2343 .

298 2352 459 2390 putabant
565 2362 601 2391 13
626 2358 699 2382 acta
717 2353 838 2391 prioris
854 2353 933 2382 anni
952 2353 1057 2384 Sclzol.
1163 2363 1204 2382 20
1229 2352 1415 2382 defuturum
1433 2364 1459 2382 s·
1473 2353 1492 2382 l.
1514 2354 1620 2393 suppl.

298 2406 392 2425 man,
409 2406 461 2425 rec.
484 2396 516 2424 1⁴11
534 2395 585 2425 P:
610 2406 676 2426 om.
700 2396 756 2427 ΒΣ
846 2406 882 2425 21
912 2397 999 2426 domi
1018 2407 1112 2426 meae
1130 2395 1186 2425 del.
1206 2395 1341 2426 Ernesti
1425 2406 1465 2425 22
1490 2396 1530 2426 ad
1548 2407 1622 2426 eam

298 2449 366 2468 rem
385 2439 483 2478 positi
501 2439 557 2470 del.
577 2440 668 2469 Bake
