1774 2782
289 132 307 158 1
328 135 345 166 3
694 122 752 159 M.
783 121 951 158 TVLLI
985 120 1296 160 CICERONIS

326 236 457 267 sterno
489 231 547 267 die
578 242 648 279 pro
678 228 906 267 testimonio
936 242 1020 267 esse
1051 229 1272 276 mentitum,
1305 242 1396 267 cum
1429 230 1657 267 adfirmares

326 295 477 331 nullum
499 293 571 331 tibi
598 292 762 331 omnino
790 306 882 331 cum
910 293 1164 332 Albinovano
1186 306 1409 331 sermonem
1433 306 1513 331 non
1534 293 1657 330 modo

324 359 375 395 de
398 357 524 395 Sestio
545 358 781 404 accusando,
805 359 875 395 sed
902 359 1010 394 nulla
1037 371 1227 407 umquam
1255 359 1305 396 de
1325 371 1365 395 re
1386 356 1515 404 fuisse,
1539 358 1656 407 paulo

324 430 416 460 ante
446 423 674 471 imprudens
705 421 901 469 indicasti,
922 421 988 471 qui
1017 429 1054 460 et
1082 424 1127 459 T.
1153 422 1364 461 Claudium
1394 429 1525 460 tecum
1552 434 1656 458 com-

326 486 547 525 municasse
578 494 615 525 et
645 500 668 525 a
697 494 735 525 te
764 486 973 524 consilium
1006 488 1048 524 P.
1071 485 1171 524 Sesti
1198 485 1411 524 accusandi
1442 485 1595 536 petisse,
1618 494 1656 523 et
1676 500 1693 531 5

325 551 632 599 Albinovanum,
671 566 789 602 quern
823 560 941 590 antea
974 551 1036 588 vix
1070 551 1141 589 tibi
1176 559 1316 589 notum
1355 564 1440 589 esse
1479 550 1653 597 dixisses,

324 619 489 656 domum
512 625 618 655 tuam
636 617 803 665 venisse,
820 617 943 654 multa
964 624 1095 654 tecum
1114 617 1290 653 locutum
1311 615 1465 662 dixeris,
1483 617 1656 665 denique

324 682 530 721 contiones
554 685 594 720 P.
614 684 713 721 Sesti
732 682 905 731 scriptas,
925 694 1022 730 quas
1039 694 1169 730 neque
1185 689 1319 719 nosset
1339 694 1470 730 neque
1491 681 1656 730 reperire

325 756 468 797 posset,
500 756 538 786 te
568 747 821 785 Albinovano
850 747 1008 785 dedisse
1038 759 1184 796 easque
1214 746 1254 783 in
1284 747 1361 785 hoc
1392 745 1541 784 iudicio
1571 758 1655 784 esse

324 812 513 850 recitatas.
576 814 623 849 In
656 826 735 862 quo
766 813 930 849 alterum
966 824 1007 849 es
1041 812 1254 857 confessus,
1286 824 1308 850 a
1340 819 1378 849 te
1409 818 1654 849 accusatores
1678 827 1717 849 10

324 891 408 915 csse
430 879 638 915 instructos
667 885 704 915 et
733 877 979 924 subornatos,
1003 877 1043 914 in
1070 878 1192 914 altero
1220 876 1525 915 inconstantiam
1546 884 1653 915 tuam

324 957 412 980 cum
441 943 598 981 levitate
623 950 706 980 tum
734 943 852 980 etiam
881 941 1051 991 periurio
1076 941 1316 991 implicatam
1345 941 1528 988 refellisti,
1550 955 1652 988 cum,

323 1022 440 1058 quem
463 1022 485 1046 a
506 1016 543 1046 te
564 1006 849 1046 alienissimum
872 1020 957 1045 esse
974 1007 1149 1053 dixisses,
1169 1020 1258 1045 eum
1282 1006 1389 1045 domi
1412 1015 1502 1045 tuae
1524 1008 1653 1053 fuisse,

323 1087 440 1122 quem
467 1072 818 1123 praevaricatorem
845 1085 931 1110 esse
957 1072 1009 1109 ab
1034 1071 1147 1109 initio
1176 1072 1400 1118 iudicasses,
1425 1071 1460 1110 ei
1491 1079 1528 1109 te
1555 1085 1655 1121 quos

323 1145 494 1187 rogasset
515 1139 566 1175 ad
586 1138 857 1175 accusandum
880 1136 999 1174 libros
1022 1136 1164 1174 dixeris
1187 1136 1353 1174 dedisse.
1680 1151 1714 1181 15

377 1201 555 1240 Nimium
577 1215 618 1240 es
634 1204 848 1240 vehemens
866 1202 1052 1250 feroxque
1073 1209 1211 1239 natura
1227 1216 1233 1239 :
1265 1215 1345 1238 non
1366 1209 1480 1251 putas
1498 1203 1552 1239 fas
1571 1215 1655 1240 esse

322 1267 484 1304 verbum
519 1280 565 1304 ex
597 1279 664 1304 ore
699 1265 801 1304 exire
836 1266 1069 1315 cuiusquam
1106 1266 1214 1315 quod
1249 1278 1330 1303 non
1365 1266 1582 1304 iucundum
1617 1275 1654 1305 et

321 1331 583 1368 honorificum
605 1332 655 1369 ad
676 1330 778 1368 auris
800 1338 885 1368 tuas
905 1330 1069 1368 accidat.
1130 1330 1283 1368 Venisti
1305 1330 1423 1368 iratus
1444 1331 1655 1379 omnibus;

321 1397 428 1445 quod
450 1410 533 1445 ego,
554 1397 669 1434 simul
690 1409 735 1434 ac
757 1403 794 1433 te
810 1394 954 1445 aspexi,
974 1395 1079 1445 prius
1101 1409 1219 1445 quam
1242 1395 1345 1445 loqui
1368 1396 1543 1445 coepisti,
1561 1410 1651 1434 cum

319 1468 410 1498 ante
441 1461 603 1505 Gellius,
631 1460 825 1498 nutricula
856 1460 1132 1498 seditiosorum
1165 1460 1354 1506 omnium,
1382 1460 1650 1499 testimonium
1676 1479 1713 1500 20

320 1525 476 1572 diceret,
513 1525 617 1564 sensi
649 1533 768 1575 atque
804 1525 967 1574 providi.
1028 1527 1210 1575 Repente
1243 1525 1347 1564 enim
1380 1533 1418 1563 te
1449 1534 1651 1575 tamquam

319 1603 479 1640 serpens
501 1603 522 1628 e
543 1590 713 1628 latibulis
742 1590 866 1628 oculis
895 1589 1174 1637 eminentibus,
1198 1590 1332 1628 inflato
1353 1592 1466 1636 collo,
1491 1590 1651 1629 tumidis

319 1654 535 1693 cervicibus
556 1654 732 1701 intulisti,
756 1662 798 1692 ut
820 1654 915 1692 mihi
938 1662 1146 1693 renovatus
1169 1654 1232 1693 ille
1254 1662 1343 1693 tuus
1364 1655 1402 1692 in
1424 1662 1464 1693 to
1488 1686 1494 1693 .
1517 1685 1524 1693 .
1550 1687 1556 1693 .

362 1969 375 1988 1
403 1959 457 1990 die
474 1959 524 1989 l11‘c
544 1958 619 1989 add.
644 1958 791 1996 Schuetz,
818 1969 884 1989 om.
911 1958 998 1989 codd.
1022 1960 1199 1990 (hesterno
1217 1969 1246 1988 v.
1266 1958 1409 1988 Sisenna
1434 1957 1528 1998 apud
1549 1957 1648 1989 Char.

310 2007 343 2041 p.
379 2013 454 2041 200,
486 2013 548 2032 20:
582 2003 619 2041 cf.
651 2003 822 2032 cotidiano
862 2002 939 2033 l‘krr.
971 2003 1013 2041 iv,
1044 2005 1059 2038 ξ
1091 2002 1164 2035 183:
1201 2007 1234 2032 te
1263 2001 1316 2031 die
1349 2003 1509 2031 hesterno
1534 2001 1647 2033 xssuell.

313 2045 474 2076 hesterno
491 2046 522 2075 in
540 2046 763 2076 testimoniob
930 2056 949 2084 4
975 2046 1029 2084 qui
1049 2050 1082 2076 et
1100 2045 1188 2085 vulg.
1210 2056 1216 2075 :
1242 2045 1275 2074 in
1291 2045 1323 2074 P
1338 2049 1384 2074 est
1401 2055 1538 2075 rasura:
1564 2044 1599 2084 q²
1615 2049 1650 2075 et

316 2090 382 2125 (Le.
401 2089 479 2128 quia
496 2090 543 2125 et)
560 2089 716 2119 P2Bzw:
744 2089 799 2128 qui
815 2093 847 2119 et
869 2089 920 2119 vel
939 2090 1017 2128 quia
1045 2089 1090 2120 G:
1121 2094 1154 2119 et
1170 2089 1230 2119 H:
1249 2099 1321 2118 cum
1345 2094 1378 2119 et
1391 2091 1428 2117 ut
1439 2088 1546 2118 Halm
1563 2088 1608 2118 ita
1629 2089 1650 2119 k

316 2142 356 2162 10
377 2133 411 2162 in
429 2143 495 2171 quo
511 2133 653 2163 alterum
672 2132 714 2162 Pl
733 2144 739 2162 :
765 2133 797 2162 in
823 2142 965 2171 quorum
993 2132 1099 2163 altero
1116 2132 1194 2162 P²B
1211 2131 1275 2163 rell.
1382 2142 1420 2161 12
1445 2131 1647 2170 implicatam

316 2175 365 2205 Gk
381 2188 386 2206 :
411 2175 567 2215 inplicam
581 2175 671 2206 ΡΒΣ
687 2188 694 2206 2
721 2176 915 2215 implicitam
928 2176 968 2205 H
1114 2175 1269 2206 refellisti
1286 2181 1374 2216 susp.
1393 2174 1532 2211 Busche,
1549 2175 1650 2214 quiet

312 2219 501 2256 praetulisti
516 2220 565 2260 (z
583 2230 664 2258 prae
683 2224 715 2249 te
730 2220 851 2259 tulisti)
867 2220 950 2251 coni.
967 2232 972 2250 :
997 2220 1034 2258 cs.
1052 2219 1146 2252 Rosc.
1160 2220 1240 2251 Am.
1259 2221 1274 2256 ξ
1289 2220 1329 2258 87
1423 2228 1461 2257 14
1479 2218 1647 2249 iudicasse

311 2262 489 2293 Lehmann
644 2264 682 2292 18
715 2263 844 2294 accidat
869 2262 1106 2303 Pantagathus
1133 2262 1229 2303 (δι’δι’.
1256 2265 1271 2299 ξ
1295 2262 1392 2303 107):
1423 2262 1541 2292 accidit
1564 2261 1645 2293 PB:

311 2307 449 2336 accedat
469 2306 518 2336 Gk
534 2317 541 2336 :
558 2307 687 2337 accedit
706 2306 744 2336 H
832 2316 873 2345 23
899 2311 933 2337 to
945 2311 998 2346 pr.
1017 2307 1056 2345 P,
1076 2317 1155 2337 corr.
1175 2307 1208 2336 in
1227 2312 1260 2336 te
1280 2306 1335 2343 P1,
1352 2310 1381 2336 et
1397 2306 1440 2335 ila
1457 2305 1557 2336 BEG.
1602 2304 1645 2335 In

311 2347 344 2377 P
356 2351 402 2378 est
417 2359 543 2388 magna
560 2350 679 2380 lamma
698 2350 730 2380 in
750 2360 816 2389 qna
834 2349 1061 2390 quadraginta
1069 2350 1142 2388 sere
1154 2349 1255 2379 liuius
1273 2353 1378 2379 tarius
1389 2349 1490 2379 lineae
1505 2349 1646 2379 omissae

310 2395 406 2423 sunt:
432 2393 497 2423 rell.
517 2393 647 2424 nullum
664 2392 802 2432 dqfectus
820 2393 938 2423 habent
954 2392 1111 2423 indicium
