1774 2782
488 143 600 181 PRO
631 144 673 181 P.
705 144 898 181 SESTIO
929 144 1146 182 ORATIO
1457 155 1483 191 9
1507 161 1544 182 22

154 253 277 291 oculis
294 251 460 302 perspici
477 265 558 290 non
574 250 709 302 possit.
749 251 996 290 Videbamus
1010 265 1135 302 genus
1148 254 1265 300 vitae,
1277 252 1482 301 desidiam,
1505 264 1550 290 10

155 316 359 364 inertiam;
399 316 568 354 inclusas
598 316 682 355 eius
709 317 894 356 libidines
924 317 991 367 qui
1021 319 1140 367 paulo
1167 318 1327 367 propius
1357 331 1485 355 acces-

154 389 282 419 serant
303 380 579 429 intuebantur3
608 382 782 432 denique
803 382 920 420 etiarn
942 395 1071 420 sermo
1093 381 1207 419 nobis
1229 395 1343 420 ansas
1364 383 1484 420 dabat

154 447 298 497 quibus
318 447 544 485 reconditos
571 449 654 486 eius
679 461 817 486 sensus
845 456 978 486 tenere
999 461 1216 497 possemus.
1277 448 1483 486 Laudabat
1505 462 1543 493 23

116 528 134 560 5
155 514 275 551 homo
296 513 437 551 doctus
462 512 721 562 philosophos
747 513 880 550 nescio
907 525 1018 561 qu05‚
1043 525 1173 561 neque
1193 524 1329 550 eorum
1351 519 1482 550 tamen

154 578 316 616 nomina
336 585 488 628 poterat
507 577 651 624 dicere,
674 579 745 616 sed
769 585 902 616 tamen
930 590 998 616 eos
1018 577 1205 616 laudabat
1226 577 1395 615 maxime
1417 576 1484 627 qui

154 644 337 682 dicuntur
371 651 523 692 praeter
551 651 701 682 ceteros
734 656 819 681 esse
850 649 1030 681 auctores
1059 650 1098 681 et
1127 643 1349 681 laudatores
1380 644 1485 680 volu-

154 708 296 758 ptatis3
324 707 434 745 cuius
462 716 500 746 et
527 721 607 758 quo
635 715 812 758 tempore
839 714 877 746 et
904 721 984 757 quo
1012 708 1134 746 modo
1155 721 1236 746 non
1257 707 1482 757 quaerebat,

154 773 317 812 verbum
338 774 466 823 ipsum
487 772 675 811 omnibus
695 773 843 811 viribus
861 772 982 810 animi
1003 780 1040 811 et
1062 774 1235 822 corporis
1258 774 1461 811 devorarat
1477 787 1486 819 3

99 851 138 874 10
155 840 398 888 eosdemque
436 840 634 888 praeclare
672 839 804 876 dicere
841 837 972 876 aiebat
1018 837 1203 887 sapientis
1243 837 1376 875 omnia
1416 851 1486 876 sua

155 917 272 942 causa
292 905 428 951 facere,
447 917 527 942 rem
550 903 750 954 publicam
771 916 975 954 capessere
995 902 1199 941 hominem
1221 903 1324 941 bene
1345 916 1484 940 sanum

156 983 237 1007 non
265 976 460 1018 oportere,
486 968 584 1006 nihil
614 981 700 1007 esse
730 967 1002 1018 praestabilius
1032 967 1159 1005 otiosa
1188 969 1276 1014 vita,
1301 968 1417 1017 plena
1448 974 1485 1005 et

155 1035 330 1072 conferta
349 1033 644 1083 voluptatibus,
672 1046 740 1072 eos
760 1040 892 1071 autem
915 1031 981 1081 qui
1002 1031 1177 1070 dicerent
1199 1033 1378 1082 dignitati
1401 1044 1486 1070 esse

156 1100 421 1145 serviendum,
450 1100 504 1137 rei
534 1099 717 1149 publicae
749 1098 1051 1144 consulendum,
1083 1097 1186 1135 offici
1222 1098 1412 1136 rationem
1447 1098 1485 1134 in

98 1176 136 1208 15
157 1163 265 1202 omni
287 1163 373 1209 vita,
394 1176 475 1201 non
491 1164 693 1202 commodi
714 1176 800 1201 esse
816 1163 1053 1209 ducendam,
1071 1163 1256 1200 adeunda
1273 1176 1343 1212 pro
1363 1162 1486 1212 patria

157 1228 338 1279 pericula,
356 1229 519 1266 vulnera
536 1228 777 1278 excipienda,
799 1235 965 1265 mortem
983 1228 1262 1277 oppetendam,
1286 1226 1485 1265 vaticinari

156 1300 275 1343 atque
295 1292 464 1331 insanire
488 1292 656 1331 dicebat.
718 1295 776 1330 Ex
803 1292 863 1330 his
887 1293 1063 1330 adsiduis
1088 1292 1170 1330 eius
1198 1293 1485 1342 cotidianisque
1508 1309 1544 1338 24

157 1357 416 1405 sermonibus,
453 1365 491 1396 et
529 1359 639 1407 quod
678 1358 863 1395 videbam
902 1357 1140 1406 quibuscum
1180 1357 1407 1395 hominibus
1447 1358 1485 1395 in

157 1423 339 1461 interiore
359 1430 467 1472 parte
487 1424 645 1460 aedium
662 1422 818 1469 viveret,
838 1430 876 1460 et
896 1423 1005 1472 quod
1027 1422 1079 1460 ita
1100 1423 1242 1460 domus
1263 1422 1347 1472 ipsa
1367 1423 1487 1460 fuma-

99 1507 140 1529 20
158 1489 225 1527 bat
245 1496 287 1526 ut
308 1490 430 1526 multa
451 1488 533 1527 eius
553 1488 803 1526 consortionis
843 1487 989 1526 indicia
1009 1489 1241 1534 redolerent,
1266 1487 1485 1526 statuebam

159 1554 224 1600 sic,
256 1553 351 1592 boni
385 1553 481 1591 nihil
512 1553 563 1591 ab
593 1553 666 1591 illis
698 1553 812 1603 nugis
843 1554 1165 1602 exspectandum,
1198 1553 1289 1590 mali
1324 1553 1484 1603 quidem

157 1627 262 1657 certe
296 1619 393 1656 nihil
427 1618 800 1668 pertimescendum.
871 1619 951 1657 Sed
983 1620 1034 1656 ita
1069 1626 1137 1665 est,
1174 1618 1335 1666 iudices,
1368 1626 1420 1665 ut,
1455 1618 1485 1656 si

156 1683 331 1734 gladium
353 1696 473 1733 parvo
493 1697 614 1733 puero
634 1691 701 1721 aut
722 1685 753 1721 si
776 1683 975 1722 imbecillo
996 1684 1079 1721 seni
1099 1691 1166 1721 aut
1181 1683 1301 1722 debili
1318 1683 1484 1730 dederis,

159 1749 241 1799 ipse
263 1749 413 1799 impetu
434 1762 506 1787 suo
527 1748 675 1787 nemini
697 1757 849 1796 noceat,
872 1748 932 1786 sin
956 1750 1007 1786 ad
1036 1750 1186 1786 nudum
1205 1750 1267 1786 vel
1288 1748 1485 1787 fortissimi

102 1828 140 1860 25
159 1813 227 1851 viri
249 1826 390 1863 corpus
414 1813 632 1860 accesserit,
656 1812 779 1863 possit
805 1813 889 1852 acie
915 1813 997 1863 ipsa
1025 1820 1061 1851 et
1083 1812 1171 1851 ferri
1190 1813 1336 1851 viribus
1356 1815 1486 1851 vulne-

160 1891 266 1916 rare:
309 1891 401 1915 cum
440 1877 668 1916 hominibus
708 1877 900 1916 enervatis
939 1885 1058 1927 atque
1097 1878 1358 1928 exsanguibus
1398 1891 1487 1916 con-

160 1943 308 1980 sulatus
338 1949 541 1991 tamquam
570 1943 722 1992 gladius
753 1950 855 1980 esset
884 1942 1010 1988 datus,
1043 1941 1110 1991 qui
1141 1955 1208 1992 per
1240 1955 1281 1980 se
1315 1955 1486 1992 pungere

203 2055 223 2084 3
247 2055 358 2075 sermo
377 2044 474 2074 nobis
492 2044 610 2074 Klotz:
636 2044 801 2074 sermonis
817 2043 904 2074 codd.
924 2055 929 2073 :
956 2054 1065 2074 sermo
1080 2044 1226 2074 hominis
1241 2044 1318 2084 Jeep
1334 2056 1340 2074 ε
1365 2055 1486 2074 sermo—

160 2099 220 2119 nes
231 2112 239 2120 .
254 2112 260 2119 .
278 2111 285 2119 .
296 2088 420 2118 dabant
437 2087 574 2128 Sauppe
662 2099 682 2127 9
707 2088 834 2118 viribus
850 2087 959 2127 suppl.
981 2087 1171 2127 lVesenberg
1191 2088 1313 2126 <modis
1329 2088 1361 2117 [β
1378 2088 1487 2118 Bnrn.

167 2142 225 2171 157
247 2135 276 2162 et
288 2131 336 2162 ed.
354 2132 426 2170 R),
446 2131 597 2169 partibus
617 2131 724 2169 Orell„
750 2131 864 2161 nervis
891 2130 1046 2169 Weidner,
1067 2132 1156 2160 omni
1179 2131 1211 2160 vi
1233 2132 1332 2160 animi
1351 2130 1462 2160 lWadv.
1481 2143 1487 2160 ι

159 2179 236 2216 post
248 2176 396 2213 corporis
413 2174 468 2204 aliz
487 2175 566 2213 alia,
580 2179 617 2205 ut
630 2174 856 2214 portisJacob,
874 2175 967 2213 poris
988 2174 1111 2205 Hertz:
1136 2175 1238 2204 animi
1256 2179 1289 2204 et
1308 2175 1488 2204 codevorat

162 2219 205 2249 Pl
219 2230 225 2248 :
243 2219 343 2248 animi
356 2223 390 2248 et
404 2218 555 2257 corporis
566 2218 706 2248 devorat
720 2217 762 2247 1³²
773 2218 836 2248 rell.
899 2218 1078 2247 devorarat
1095 2217 1258 2257 Angelius
1273 2229 1279 2248 z
1305 2217 1487 2247 devorabat

162 2262 354 2301 Naugemus
365 2262 415 2301 (Ι)
494 2271 532 2300 13
557 2272 632 2292 esse
643 2273 708 2292 om.
723 2261 826 2291 Sclzol.
912 2271 955 2291 20
971 2261 1194 2291 consortionis
1207 2261 1487 2299 scrrfsz'(consen-

163 2306 286 2336 sionis?
301 2306 316 2341 §
329 2305 382 2343 87)
395 2317 400 2335 :
415 2306 581 2336 sermonis
591 2304 695 2336 codd:
710 2315 903 2335 sermonum
913 2304 1033 2334 Hertz:
1051 2304 1176 2334 nidoris
1185 2303 1490 2341 Eberl1a›·d‚s0dali-

164 2349 242 2379 tatis
256 2348 374 2378 Probst
389 2360 394 2378 :
420 2349 608 2379 abdominis
621 2348 665 2379 K.
678 2347 807 2378 Busche
819 2349 867 2384 (in
879 2348 948 2378 Pis.
966 2352 980 2385 ξ
994 2348 1054 2377 665
1131 2347 1300 2377 redoleret
1314 2346 1489 2375 illanutius

165 2402 202 2421 21
223 2391 314 2430 rugis
326 2390 486 2421 Matthias
501 2393 549 2430 (in
562 2391 639 2422 Sen.
656 2396 670 2429 ξ
688 2393 741 2430 15)
778 2402 853 2422 esse
865 2396 1014 2430 exspect.
1034 2390 1062 2421 G
1108 2399 1147 2428 23
1165 2401 1202 2420 ac
1214 2390 1315 2420 debili
1330 2389 1489 2430 Pluygers

166 2436 206 2465 26
231 2438 305 2465 aute
320 2446 393 2465 curn
412 2435 488 2466 add.
508 2436 615 2465 Halm
634 2437 693 2473 sic,
711 2434 830 2466 Lamb.
852 2445 883 2465 ιιι
903 2446 968 2475 mg.
990 2435 1034 2464 ita
1055 2434 1233 2473 [vulnerari
1251 2433 1327 2469 PG)
