1774 2782
268 143 307 180 17
330 143 366 181 3⁶
690 135 745 171 M.
775 135 942 171 TVLLI
975 133 1281 172 CICERONIS

327 245 567 295 interpretor,
601 245 669 282 sed
705 258 749 282 ex
781 257 828 281 eo
860 244 967 292 quod
1001 242 1175 292 sequitur
1206 242 1383 292 suspicor
1414 242 1463 280 de
1495 249 1652 280 tuorum

327 311 502 349 iudicum
531 309 739 347 manifesto
771 308 938 358 periurio
966 308 1057 355 dici,
1082 309 1225 357 quibus
1247 308 1339 346 olim
1372 307 1494 357 erepti
1523 316 1654 346 essent

327 375 477 413 nummi
500 374 570 412 nisi
589 388 610 412 a
628 382 764 412 senatu
782 373 1017 423 praesidium
1038 375 1309 423 postulassent.
1354 375 1448 422 Qua
1464 387 1505 412 re
1520 382 1651 412 autem

327 442 376 477 de
399 439 442 477 iis
470 439 547 477 dici
569 438 743 488 suspicer
764 439 860 476 haec
888 452 1006 476 causa
1026 446 1095 485 est,
1119 439 1227 487 quod
1248 437 1302 475 sic
1329 445 1470 485 statuo,
1495 446 1533 476 et
1558 438 1653 477 illud

328 505 365 542 in
383 506 456 542 hac
478 504 633 542 civitate
650 517 735 541 esse
754 503 921 541 maxime
939 503 1099 540 inlustre
1119 510 1238 552 atque
1260 502 1411 552 insigne
1426 502 1650 553 periurium,

327 578 363 608 et
404 578 441 608 te
481 569 607 619 ipsum
643 577 775 606 tamen
811 568 848 605 in
886 568 1024 618 periuri
1065 567 1212 606 crimen
1251 568 1301 606 ab
1335 567 1381 606 iis
1415 568 1653 618 quibuscum

327 634 536 673 coniurasti
568 648 647 671 non
679 633 817 671 vocari.

382 702 432 738 Et
454 700 569 738 video
590 699 628 736 in
657 698 907 748 haruspicum
937 712 1168 749 responsum
1197 700 1293 737 haec
1315 712 1398 737 esse
1420 698 1652 737 subiuncta:

326 767 566 803 SAcmFicrA
589 776 771 802 VETVSTA
794 776 1063 808 occvisrAQvE
1091 776 1220 802 Mles
1241 777 1500 802 'DILIGENTER
1524 776 1654 803 FACTA

328 842 611 874 POLLVTAQVE.
672 829 913 879 Haruspices
943 831 1040 867 haec
1071 831 1285 879 loquuntur
1313 844 1361 867 an
1396 830 1507 879 patrii
1538 843 1654 880 pena-

326 904 461 945 tesque
483 895 553 933 di?
611 894 728 932 Multi
750 894 854 932 enim
884 901 985 940 sunt,
1008 896 1137 941 credo,
1163 894 1200 932 in
1230 908 1329 944 quos
1350 895 1465 932 huius
1487 894 1653 933 malefici

326 960 497 1010 suspicio
519 961 643 998 cadat.
696 959 796 1008 Quis
819 967 969 1009 praeter
989 960 1095 997 hunc
1116 961 1269 997 unum?
1312 960 1491 998 Obscure
1513 959 1654 997 dicitur

325 1040 425 1076 quae
458 1039 565 1064 sacra
598 1027 746 1075 polluta
778 1025 883 1062 sint?
955 1025 1063 1073 Quid
1098 1025 1262 1075 planiuS,
1297 1024 1392 1075 quid
1425 1024 1650 1075 religiosius,

325 1093 420 1141 quid
459 1092 610 1141 gravius
650 1090 726 1128 dici
762 1092 923 1140 potest?
965 1102 1145 1127 vssTvs’rA
1185 1101 1467 1134 occx‘LTAQVE.
1539 1091 1653 1140 Nego

326 1159 402 1194 ulla
423 1157 541 1194 verba
565 1157 788 1201 Lentulum,
806 1169 960 1205 gravem
984 1162 1177 1194 oratorem
1198 1169 1243 1194 ac
1265 1156 1466 1202 disertum,
1485 1155 1650 1205 saepius,

325 1235 414 1259 cum
457 1230 494 1260 te
533 1230 743 1267 accusaret,
786 1235 992 1270 usurpasse
1032 1235 1149 1271 quam
1191 1222 1287 1259 haec
1327 1234 1426 1270 quae
1467 1234 1572 1259 nunc
1607 1235 1652 1259 ex

327 1288 500 1325 Etruscis
530 1287 637 1324 libris
668 1287 705 1324 in
738 1294 774 1324 te
805 1300 992 1324 conversa
1021 1294 1139 1336 atque
1172 1286 1424 1336 interpretata
1456 1286 1650 1324 dicuntur.

326 1352 484 1390 Etenim
507 1353 614 1402 quod
637 1352 869 1389 sacrificium
898 1359 976 1389 tam
1003 1359 1199 1389 vetustum
1222 1359 1279 1389 est
1307 1365 1424 1401 quam
1448 1352 1523 1389 hoc
1544 1352 1653 1401 quod

324 1431 345 1454 a
367 1417 521 1466 regibus
543 1418 705 1466 aequale
727 1416 842 1454 huius
864 1416 968 1454 urbis
994 1416 1246 1466 accepimus?
1286 1418 1393 1466 quod
1419 1423 1549 1454 autem
1572 1423 1649 1453 tam

325 1483 523 1520 occultum
546 1496 663 1532 quam
688 1482 725 1520 id
748 1483 855 1531 quod
878 1495 957 1520 non
979 1483 1106 1520 solum
1126 1481 1301 1520 curiosos
1322 1483 1459 1519 oculos
1480 1482 1651 1520 excludit

325 1549 394 1585 sed
425 1547 540 1585 etiam
573 1547 744 1592 errantis,
772 1560 852 1596 quo
882 1561 961 1584 non
994 1548 1114 1585 modo
1145 1546 1373 1596 improbitas
1404 1548 1473 1585 sed
1504 1560 1552 1584 ne
1582 1546 1651 1584 im-

327 1612 534 1662 prudentia
555 1612 716 1662 quidem
745 1612 867 1662 possit
898 1613 1071 1651 intrare?
1106 1614 1213 1662 quod
1235 1614 1397 1662 quidem
1419 1612 1651 1650 sacrificium

328 1691 446 1716 nemo
458 1685 549 1715 ante
566 1680 606 1715 P.
624 1677 809 1717 Clodium
824 1678 931 1715 omni
948 1678 1135 1716 memoria
1149 1677 1315 1724 violavit,
1332 1691 1450 1716 nemo
1465 1691 1651 1727 umquam

327 1743 433 1790 adiit,
464 1755 583 1781 nemo
609 1744 786 1793 neglexit,
818 1757 936 1782 nemo
964 1744 1018 1781 vir
1046 1744 1219 1794 aspicere
1246 1757 1325 1782 non
1357 1743 1516 1790 horruit,
1543 1743 1652 1793 quod

328 1810 368 1846 fit
398 1821 466 1858 per
495 1808 660 1858 virgines
689 1809 867 1855 Vestalis,
892 1811 932 1846 fit
964 1823 1034 1859 pro
1063 1811 1211 1859 populo
1243 1811 1437 1855 Romano,
1469 1810 1509 1846 fit
1538 1808 1577 1846 in
1607 1821 1652 1846 ea

326 1875 447 1912 domo
475 1887 575 1923 quae
606 1882 662 1911 est
693 1874 731 1912 in
760 1874 934 1924 imperio,
959 1876 1000 1913 fit
1029 1874 1247 1913 incredibili
1278 1874 1528 1922 caerimonia,
1549 1875 1590 1912 fit
1616 1874 1652 1913 ei

325 1941 422 1978 deae
443 1939 553 1977 cuius
581 1953 630 1978 ne
658 1954 803 1979 nomen
832 1940 993 1991 quidem
1016 1943 1117 1979 viros
1143 1941 1239 1979 scire
1263 1942 1318 1978 fas
1348 1949 1416 1987 est,
1440 1954 1558 1990 quam
1580 1940 1652 1979 iste

327 2005 473 2043 idcirco
504 2007 658 2043 Bonam
689 2006 784 2044 dicit
814 2007 922 2055 quod
953 2007 992 2043 in
1027 2014 1137 2044 tanto
1169 2006 1242 2044 sibi
1274 2007 1418 2044 scelere
1448 2006 1649 2056 ignoverit.

265 2066 306 2102 18
329 2072 418 2109 Non
450 2070 608 2120 ignovit,
634 2071 727 2108 mihi
757 2073 883 2118 crede,
907 2086 1012 2110 non:
1043 2071 1115 2110 nisi
1142 2073 1238 2110 forte
1266 2071 1334 2110 tibi
1362 2084 1446 2110 esse
1472 2071 1650 2120 ignotum

369 2186 387 2213 4
414 2174 452 2204 iis
470 2173 531 2205 1³²:
559 2175 586 2204 is
606 2173 668 2205 P¹2
704 2174 757 2204 his
777 2175 821 2204 Bt
837 2174 901 2205 rell.
1058 2177 1078 2205 6
1102 2175 1133 2205 in
1154 2175 1289 2215 periurii
1309 2175 1437 2205 crimen
1457 2174 1590 2206 Madv.:
1617 2175 1649 2206 in

326 2228 395 2257 per.
422 2229 564 2257 poenam
583 2218 770 2258 Naugerius
798 2222 834 2248 (2
864 2229 869 2249 :
909 2219 941 2248 in
969 2218 1150 2258 periurium
1176 2219 1328 2258 imprime
1357 2218 1507 2258 (impune
1533 2218 1649 2257 Mbfft)

325 2261 414 2292 codd.
528 2263 581 2292 his
606 2262 638 2291 P
657 2266 686 2292 et
709 2262 782 2299 pler.
931 2264 950 2293 8
981 2263 1130 2293 subiecta
1158 2262 1189 2292 E
1336 2272 1375 2292 10
1408 2262 1562 2293 locuntur
1588 2261 1649 2293 GE

330 2316 362 2335 11
392 2311 470 2336 sunt
486 2305 564 2335 ku
580 2305 635 2336 all.
655 2317 661 2335 :
689 2316 752 2335 om.
774 2305 901 2336 PBGE
1052 2317 1089 2336 12
1115 2305 1236 2336 dicitur
1252 2304 1380 2336 Pku:
1408 2306 1487 2336 dicit
1504 2316 1583 2336 corr.
1602 2305 1648 2335 Bt

326 2360 366 2378 22
386 2350 522 2388 impune
545 2349 652 2388 possit
671 2349 832 2379 Momms.
933 2359 974 2388 23
994 2350 1090 2390 prius
1108 2359 1207 2379 nemo
1224 2359 1250 2379 S.
1265 2348 1283 2379 l.
1304 2348 1370 2379 P²t
1394 2350 1478 2380 inler
1492 2349 1645 2380 Clodium

326 2396 352 2422 et
369 2393 458 2423 omni
475 2393 567 2425 inser.
587 2391 727 2423 Halmio
743 2396 826 2424 auct.
849 2392 962 2423 Baiter
1060 2393 1100 2423 28
1125 2393 1205 2423 dicit
1225 2402 1299 2423 esse
1319 2392 1379 2423 GE

1678 845 1714 867 10

1679 1173 1714 1204 ¹5

1674 1497 1715 1518 20

1675 1820 1713 1852 ²5
