1774 2782
282 123 316 149 11

282 1210 319 1240 24

270 1469 313 1496 12

341 126 376 147 22
708 111 762 146 M.
795 109 961 146 TVLLI
994 109 1299 147 CICERONIS

337 224 475 261 eadem
498 222 616 260 virtus·
638 222 707 259 fuit
729 234 830 271 quac
859 221 896 258 in
926 222 1075 270 privato
1101 222 1302 270 quondam
1325 228 1392 258 tuo
1414 233 1583 270 proavoj
1614 228 1660 266 tc,

338 300 495 332 nomen,
527 287 744 335 imperium,
780 298 930 332 vocem,
960 292 1174 334 aspectum,
1200 284 1390 333 impetum
1423 292 1534 322 tuum
1559 293 1663 322 stans

337 359 493 390 senatus
515 350 745 399 equitesque
765 349 936 386 Romani
958 357 996 386 et
1014 362 1151 387 omnes
1168 349 1261 387 boni
1280 350 1554 399 sequebantur,
1575 363 1664 386 cum

338 416 400 453 ille
422 427 620 452 servorum
650 413 893 452 eludentium
922 413 1162 452 multitudini
1191 422 1369 452 senatum
1395 415 1666 463 populumque

340 482 568 517 Romanum
587 478 761 516 vinctum
783 478 869 528 ipso
890 492 1077 516 consessu
1099 486 1137 517 et
1158 480 1411 517 constrictum
1434 480 1665 528 spectaculis

338 554 458 596 atque
479 545 712 595 impeditum
731 544 844 582 turba
865 552 903 582 et
918 543 1107 594 angustiis
1124 543 1357 582 tradidisset.
1401 546 1463 582 An
1485 545 1515 581 si
1537 544 1666 582 ludius

339 610 523 657 constitit,
542 617 609 647 aut
630 609 775 647 tibicen
797 617 958 659 repente
974 608 1174 656 conticuit,
1193 615 1259 647 aut
1280 622 1376 658 puer
1396 608 1460 647 ille
1479 608 1667 659 patrimus

339 683 377 714 et
408 675 608 713 matrimus
639 674 669 712 si
701 681 852 712 tensam
884 687 963 712 non
995 673 1130 720 tenuit,
1158 673 1189 711 si
1220 675 1345 711 lorum
1376 673 1518 721 omisit,
1539 682 1608 712 aut
1637 673 1667 712 si

339 740 476 779 aedilis
492 741 612 778 verbo
632 747 699 778 aut
720 738 915 788 simpuvio
934 739 1136 785 aberravit,
1157 738 1237 777 ludi
1259 746 1349 776 sunt
1371 752 1451 776 non
1473 740 1543 776 rite
1564 738 1664 786 facti,

340 819 464 855 eaque
504 812 627 843 errata
666 804 879 854 expiantur,
917 811 955 842 et
996 812 1146 842 mentes
1184 806 1348 842 deorum
1388 805 1664 842 immortalium

339 873 521 909 ludorum
558 869 839 908 instauratione
879 871 1082 918 placantur
1102 885 1108 907 z
1154 868 1184 906 si
1224 868 1305 906 ludi
1343 869 1395 906 ab
1433 869 1579 908 laetitia
1616 871 1666 908 ad

340 945 489 975 metum
512 935 690 982 traducti,
710 936 741 972 si
763 948 843 972 non
861 934 1070 972 intermissi
1092 935 1161 972 sed
1178 935 1369 984 perempti
1387 942 1507 984 atque
1524 935 1667 973 sublati

339 1010 440 1048 sunt,
465 1002 494 1039 si
523 1001 667 1038 civitati
697 999 909 1045 universae,
934 1001 1079 1037 scelere
1101 1000 1183 1037 eius
1213 999 1278 1048 qui
1307 1000 1420 1037 ludos
1446 1001 1496 1037 ad
1519 1001 1667 1038 luctum

340 1068 518 1105 conferre
539 1065 672 1112 voluit,
696 1064 925 1103 exstiterunt
954 1064 1037 1102 dies
1067 1063 1119 1101 illi
1148 1077 1218 1113 pro
1239 1063 1345 1101 festis
1367 1077 1492 1113 paene
1512 1064 1667 1112 funesti,

341 1131 612 1170 dubitabimus
633 1143 732 1179 quos
762 1129 824 1167 ille
846 1130 1020 1166 fremitus
1049 1129 1202 1166 nuntiet
1230 1130 1344 1166 ludos
1365 1142 1450 1166 esse
1470 1130 1669 1178 pollutos?

344 1198 401 1234 Ac
429 1196 459 1234 si
486 1197 665 1233 volumus
693 1207 738 1232 ea
768 1207 868 1243 quae
899 1195 949 1232 de
980 1207 1139 1243 quoque
1167 1194 1243 1231 deo
1272 1193 1385 1231 nobis
1413 1193 1553 1232 tradita
1579 1202 1669 1233 sunt

342 1262 547 1307 recordari,
572 1262 674 1297 banc
698 1261 866 1296 Matrem
891 1260 1090 1308 Magnam,
1115 1259 1225 1296 cuius
1250 1259 1332 1296 ludi
1354 1258 1494 1306 violati,
1518 1259 1666 1308 polluti,

342 1340 467 1377 paene
487 1327 537 1363 ad
559 1326 721 1363 caedem
750 1332 787 1362 et
814 1325 865 1361 ad
895 1325 1010 1361 sunus
1038 1323 1203 1361 civitatis
1232 1325 1408 1361 conversi
1430 1332 1530 1370 sunt,
1555 1325 1666 1371 lianc,

341 1391 514 1441 inquam,
537 1392 762 1439 accepimus
789 1403 901 1439 agros
931 1396 968 1427 et
998 1402 1158 1427 nemora
1186 1402 1275 1426 cum
1304 1390 1477 1438 quodam
1508 1388 1670 1440 strepitu

343 1459 578 1506 fremituque
617 1468 829 1505 peragrare.
905 1457 1016 1493 Haec
1060 1455 1173 1505 igitur
1215 1454 1337 1501 vobis,
1380 1456 1476 1493 haec
1522 1457 1669 1505 populo

344 1524 529 1560 Romano
556 1529 592 1559 et
620 1522 811 1559 scelerum
838 1519 983 1558 indicia
1011 1521 1183 1558 ostendit
1213 1527 1251 1558 et
1279 1521 1539 1570 periculorum
1561 1522 1670 1571 signa

343 1586 537 1637 patefecit.
583 1588 686 1624 Nam
708 1586 804 1635 quid
825 1598 897 1635 ego
919 1586 968 1623 de
986 1585 1059 1623 illis
1077 1587 1178 1623 ludis
1196 1587 1333 1635 loquar
1349 1599 1448 1635 quos
1465 1585 1503 1623 in
1522 1585 1671 1624 Palatio

343 1652 464 1690 nostri
496 1651 661 1689 maiores
688 1658 779 1689 ante
806 1652 995 1700 templum
1025 1652 1063 1688 in
1096 1650 1179 1700 ipso
1213 1652 1349 1688 B'Iatris
1381 1652 1551 1700 Magnae
1581 1664 1672 1689 con-

345 1724 481 1767 spectu
513 1716 779 1765 Megalesibus
810 1715 888 1753 fieri
919 1716 1184 1765 celebrarique
1213 1718 1447 1754 voluerunt?
1486 1717 1551 1766 qui
1581 1724 1671 1754 sunt

345 1795 453 1820 more
470 1780 734 1829 institutisque
752 1781 920 1818 maxime
939 1781 1044 1827 casti,
1065 1782 1285 1828 sollemnes,
1305 1780 1471 1831 religiosi
1488 1795 1497 1828 3
1525 1781 1670 1831 quibus

346 1846 447 1884 ludis
469 1845 636 1896 primum
658 1853 749 1884 ante
770 1846 906 1895 populi
928 1860 1157 1884 consessum
1183 1845 1336 1884 senatui
1356 1847 1487 1884 locum
1510 1849 1550 1885 P.
1575 1848 1673 1885 Afri-

346 1924 466 1949 canus
488 1910 627 1948 iterum
649 1912 787 1948 consul
809 1912 872 1949 ille
895 1911 1017 1949 maior
1038 1911 1159 1957 dedit,
1183 1918 1223 1948 ut
1245 1924 1311 1949 eos
1337 1912 1450 1949 ludos
1472 1912 1570 1950 haec
1590 1913 1672 1950 lues

348 1975 497 2025 impura
519 1976 732 2025 pollueret!
764 1990 844 2026 quo
872 1976 902 2014 si
931 1976 998 2025 qui
1020 1976 1116 2014 liber
1143 1984 1208 2013 aut
1237 1976 1441 2025 spectandi
1461 1985 1527 2014 aut
1555 1977 1672 2015 etiam

347 2040 541 2090 religionis
559 2054 675 2078 causa
692 2049 920 2088 accesserat,
940 2055 1078 2078 manus
1095 2041 1380 2088 adferebantur,
1400 2054 1480 2091 quo
1497 2049 1674 2079 matrona

348 2106 455 2143 nulla
474 2104 568 2143 adiit
590 2114 748 2156 propter
770 2106 846 2144 vim
869 2119 1179 2156 consessumque
1207 2119 1417 2144 servorum.
1478 2108 1538 2145 Ita
1559 2108 1673 2145 ludos

391 2219 409 2246 4
443 2208 652 2239 eludentium
682 2209 802 2239 Ix'lotzt
838 2215 870 2239 et
900 2209 1085 2239 ludentium
1113 2209 1202 2240 codd.
1336 2210 1355 2239 8
1389 2210 1415 2239 si
1446 2214 1575 2240 tensam
1606 2221 1671 2241 non

350 2252 455 2281 tenuit
472 2251 552 2282 Ant.
571 2252 660 2292 Aug.
678 2261 683 2281 :
708 2253 735 2282 si
754 2258 878 2283 terram
896 2263 964 2282 non
983 2254 1091 2283 tenuit
1108 2258 1165 2283 aut
1184 2258 1312 2283 tensam
1330 2252 1418 2283 codd.
1552 2265 1572 2293 9
1595 2255 1672 2284 sim-

348 2295 449 2333 puvio
466 2295 660 2325 Aruobz'ns:
688 2296 830 2335 simpuio
848 2295 888 2325 Ρ]
906 2308 911 2327 ;
938 2296 1082 2326 simbulo
1100 2296 1163 2326 F2:
1188 2296 1326 2326 simbolo
1343 2296 1412 2326 Bt:
1435 2297 1461 2326 si
1487 2302 1575 2327 muto
1592 2297 1672 2327 Hb:

347 2338 376 2368 si
394 2344 475 2369 nutu
493 2338 545 2369 [2²1
571 2339 597 2368 si
616 2339 744 2369 vultule
850 2351 889 2377 24
916 2339 1144 2378 Megalesibus
1163 2339 1263 2371 PH:
1290 2339 1544 2379 Megalensibus
1561 2340 1591 2370 B
1607 2340 1669 2371 rell.

348 2382 389 2411 28
416 2381 570 2421 polluerit
588 2387 626 2412 ut
641 2382 792 2413 Faffrnus
808 2383 852 2413 ila
869 2384 889 2412 le

1688 820 1728 842 10

1690 1143 1727 1175 Ι5

1690 1471 1730 1494 20

1693 1797 1730 1829 ²5

1694 2118 1734 2148 30
