1774 2782
276 164 324 202 27

286 601 325 632 59

282 1399 325 1429 60

345 163 384 200 58
715 157 771 192 M.
800 156 968 192 TVLLI
1002 156 1309 194 CICERONIS

345 264 385 302 in
406 263 567 314 pristina
588 270 720 302 mente
742 263 897 301 mansit.
958 265 1080 301 Hunc
1102 264 1175 302 Cn.
1197 262 1408 313 Pompeius
1429 277 1518 302 cum
1535 265 1573 302 in
1594 265 1672 304 suis

345 329 479 367 castris
514 328 732 378 supplicem
772 327 971 365 abiectum
1011 327 1172 365 vidisset
1208 327 1338 375 erexit,
1369 336 1488 378 atque
1522 329 1674 379 insigne

345 396 504 444 regium,
529 394 637 443 quod
660 393 725 430 ille
751 394 801 431 de
828 406 900 430 suo
924 392 1052 442 capite
1078 392 1285 439 abiecerat,
1309 392 1482 443 reposuit
1502 402 1539 432 et
1559 395 1673 433 certis

345 461 461 498 rebus
483 457 680 508 imperatis
705 470 866 507 regnare
894 457 1014 504 iussit,
1038 471 1112 495 nec
1133 456 1263 494 minus
1284 465 1321 495 et
1342 457 1415 495 sibi
1436 465 1474 496 et
1495 458 1585 496 huic
1606 459 1673 496 im-

346 525 453 574 perio
476 523 690 574 gloriosum
718 523 868 573 putavit
894 523 1155 561 constitutum
1179 536 1202 560 a
1229 536 1271 561 se
1291 536 1421 572 regem
1444 537 1561 573 quam
1583 537 1673 562 eon-

345 589 521 627 strictum
542 588 676 626 videri.
739 588 817 637 Qui
848 595 885 626 et
915 588 998 638 ipse
1028 587 1152 625 hostis
1179 587 1251 625 fuit
1278 586 1413 636 populi
1439 587 1611 625 Romani
1636 596 1672 626 et

344 654 576 692 acerrimum
593 654 747 691 hostem
769 652 808 690 in
830 666 993 702 regnum
1014 651 1172 701 recepit,
1191 651 1257 701 qui
1279 650 1463 698 conflixit,
1482 651 1548 701 qui
1565 651 1673 702 signa

345 718 521 764 contulit,
540 717 607 768 qui
629 719 679 756 de
701 717 865 767 imperio
886 730 1012 767 paene
1033 716 1206 763 certavit,
1229 724 1363 766 regnat
1384 716 1503 755 hodie
1523 724 1561 755 et
1581 716 1672 755 ami-

345 783 459 821 citiae
480 796 625 821 nomen
654 796 699 820 ac
724 782 935 829 societatis,
957 783 1067 832 quod
1091 781 1208 819 armis
1235 781 1408 827 violarat,
1431 780 1470 819 id
1492 781 1672 831 precibus

344 856 402 886 est
422 856 659 887 consecutus
676 863 682 885 :
713 848 777 886 ille
794 847 961 898 Cyprius
982 847 1109 893 miser,
1134 846 1200 896 qui
1223 860 1376 896 semper
1395 846 1555 893 amicus,
1575 859 1671 885 sem-

345 926 413 962 per
433 913 561 951 socius
583 912 669 959 fuit,
685 914 735 951 de
756 926 835 962 quo
852 913 960 950 nulla
980 925 1169 961 umquam
1191 911 1363 961 suspicio
1383 911 1515 949 durior
1535 919 1601 950 aut
1620 913 1672 950 ad

344 988 522 1017 senatum
553 986 620 1016 aut
650 979 701 1017 ad
736 978 989 1029 imperatores
1020 979 1151 1016 adlata
1185 985 1339 1015 nostros
1368 985 1438 1024 est,
1474 977 1598 1025 vivus,
1626 985 1668 1016 ut

342 1042 461 1089 aiunt,
496 1050 553 1081 est
588 1050 625 1081 et
657 1042 793 1081 videns
823 1057 914 1080 cum
944 1042 1049 1080 victu
1078 1056 1124 1080 ac
1158 1042 1300 1080 vestitu
1334 1055 1405 1080 suo
1439 1041 1661 1092 publicatus

345 1110 418 1145 Em
442 1122 509 1146 cur
525 1108 642 1147 ceteri
660 1122 768 1158 reges
785 1108 965 1146 stabilem
983 1122 1068 1146 esse
1085 1121 1195 1145 suam
1213 1108 1409 1145 fortunam
1426 1106 1669 1154 arbitrentur,

343 1186 430 1210 cum
456 1174 531 1210 hoc
554 1173 655 1211 illius
676 1173 818 1211 funesti
839 1173 932 1211 anni
957 1172 1115 1223 prodito
1140 1174 1321 1222 exemplo
1346 1172 1504 1210 videant
1524 1185 1592 1222 per
1611 1171 1670 1210 tri-

343 1238 495 1275 bunum
522 1237 693 1287 aliquem
722 1247 760 1276 et
791 1245 988 1276 sescentas
1019 1250 1157 1287 operas
1188 1251 1228 1275 se
1259 1236 1424 1275 fortunis
1454 1236 1609 1286 spoliari
1633 1245 1670 1274 et

343 1316 462 1352 regno
484 1303 591 1340 omni
616 1316 731 1352 posse
752 1302 891 1341 nudari
910 1306 916 1340 !

398 1369 449 1405 At
479 1367 597 1405 etiam
627 1381 675 1406 eo
706 1367 864 1417 negotio
900 1369 956 1404 M.
995 1366 1158 1405 Catonis
1193 1367 1443 1416 splendorem
1478 1367 1672 1404 maculare

342 1433 549 1470 voluerunt
577 1432 697 1482 ignari
723 1432 819 1482 quid
845 1431 1022 1482 gravitas,
1044 1431 1140 1481 quid
1168 1431 1377 1481 integritas,
1404 1431 1499 1481 quid
1528 1434 1671 1481 magni-

341 1499 438 1535 tudo
459 1497 590 1544 animi,
614 1497 709 1546 quid
737 1497 910 1546 denique
934 1496 1053 1534 virtus
1080 1498 1234 1543 valeret,
1257 1511 1357 1546 quae
1378 1496 1417 1534 in
1439 1504 1670 1546 tempestate

342 1576 455 1600 saeva
482 1562 614 1612 quieta
641 1570 698 1600 est
724 1570 761 1601 et
786 1564 890 1600 lucet
922 1561 960 1599 in
993 1561 1166 1600 tenebris
1198 1569 1236 1600 et
1268 1563 1380 1611 pulsa
1414 1563 1504 1599 loco
1539 1570 1669 1600 manet

342 1636 473 1666 tamen
500 1637 619 1678 atque
650 1630 783 1667 haeret
812 1628 851 1666 in
877 1628 999 1678 patria
1021 1629 1281 1678 splendetque
1306 1642 1373 1678 per
1403 1642 1487 1667 sese
1517 1642 1670 1678 semper

342 1706 471 1742 neque
492 1693 628 1731 alienis
650 1707 838 1743 umquam
861 1693 1042 1731 sordibus
1063 1693 1285 1731 obsolescit.
1348 1695 1439 1731 Non
1461 1693 1513 1731 illi
1533 1707 1670 1732 ornan-

341 1758 436 1795 dum
467 1759 522 1795 M.
552 1759 748 1797 Catonem
774 1759 842 1796 sed
868 1759 1134 1807 relegandum,
1157 1772 1232 1796 nec
1256 1757 1310 1795 illi
1338 1757 1668 1797 committendum

341 1822 436 1860 illud
458 1822 660 1872 negotium
678 1824 747 1861 sed
768 1822 1056 1872 imponendum
1079 1831 1328 1872 putaverunt,
1344 1822 1411 1873 qui
1428 1822 1467 1860 in
1484 1823 1669 1862 contione

341 1888 469 1937 palam
492 1886 658 1925 dixerint
679 1886 854 1937 linguam
876 1900 917 1925 se
937 1886 1114 1925 evellisse
1136 1889 1191 1924 M.
1217 1887 1370 1933 Catoni,
1394 1901 1495 1937 quae
1516 1902 1670 1938 semper

340 1961 477 1990 contra
497 1952 819 1991 extraordinarias
842 1960 1053 2002 potestates
1075 1952 1196 1990 libera
1217 1952 1362 1991 fuisset.
1423 1952 1610 2000 Sentient‚
1627 1961 1669 1991 ut

340 2032 464 2067 spero,
498 2018 605 2056 brevi
641 2026 817 2067 tempore
847 2031 1005 2056 manere
1037 2017 1257 2056 libertatem
1293 2017 1409 2064 illam,
1443 2025 1562 2068 atque
1592 2019 1668 2057 hoc

340 2082 468 2129 etiam,
493 2082 521 2120 si
545 2082 626 2121 fieri
648 2083 828 2133 potuerit,
852 2097 937 2121 esse
966 2083 1164 2130 maiorem,
1189 2083 1298 2133 quod
1323 2096 1414 2120 cum
1440 2083 1668 2122 consulibus

382 2189 402 2217 6
426 2187 491 2225 Qui
518 2186 655 2227 scripsi:
688 2187 763 2218 tulit
789 2188 895 2226 gessit
919 2187 975 2226 qui
1000 2187 1088 2217 codd.
1108 2190 1239 2227 praeler
1258 2186 1302 2216 Pl
1322 2187 1370 2225 (in
1393 2197 1458 2226 quo
1480 2190 1527 2216 est
1549 2186 1667 2218 lacuna

338 2230 470 2261 sedecim
503 2231 726 2271 litterarmn):
759 2230 923 2270 Tigranes
947 2231 1048 2269 igitur
1066 2231 1121 2269 qui
1147 2230 1264 2261 Lamb.
1295 2231 1353 2260 ‘cx
1376 2229 1443 2261 cod.
1469 2229 1665 2261 Mcmmiz’:

337 2275 393 2313 qui
418 2274 541 2304 bellum
565 2275 668 2306 sociis
696 2274 808 2305 intulit
833 2275 949 2313 gessit,
977 2275 1033 2313 qui
1058 2273 1198 2312 Maelzly.
1256 2273 1351 2303 Num
1377 2273 1413 2312 (l.
1433 2273 1467 2313 7)
1491 2277 1552 2314 qui
1571 2274 1666 2313 signa

339 2318 489 2358 contulit,
508 2318 564 2357 qui
583 2317 704 2348 bellurn
717 2318 841 2358 gessit?
977 2329 1014 2356 14
1041 2318 1100 2347 Em
1118 2317 1170 2347 P:
1195 2327 1237 2348 en
1255 2317 1287 2347 Β
1303 2317 1367 2347 rell.
1504 2328 1545 2347 22
1569 2317 1665 2348 exsul

338 2365 412 2390 ante
436 2362 551 2391 haeret
570 2362 632 2391 ius.
653 2360 785 2399 Dobme,
799 2361 938 2400 expulsa
955 2361 998 2391 K.
1017 2361 1162 2392 Busche:
1189 2361 1306 2391 haeret
1323 2359 1534 2402 (impavida)
1552 2361 1665 2400 splen-

338 2405 462 2442 detque
479 2404 641 2444 Pluygers

1697 863 1733 884 10

1695 1186 1731 1218 15

1693 1514 1732 1535 20

1691 1840 1728 1872 25
