1774 2782
165 540 183 572 5

145 862 185 884 10

145 1186 182 1218 ¹5

144 1516 183 1537 20

378 160 488 197 PRO
521 161 564 197 L.
597 160 889 198 CORNELIO
921 160 1102 197 BALBO
1135 160 1350 198 ORATIO
1491 169 1527 197 11

205 268 322 307 Multi
345 268 459 307 etiarn
484 268 680 319 superiore
703 269 890 307 memoria
911 268 1014 306 cives
1037 268 1205 306 Romani
1229 282 1296 306 sua
1313 270 1524 315 voluntate,

204 334 420 372 indemnati
440 342 476 372 et
498 334 726 379 incolumes,
747 335 806 371 his
828 333 942 372 rebus
965 334 1104 372 relictis
1120 335 1213 371 alias
1235 348 1275 372 sc
1296 334 1334 371 in
1351 335 1526 374 civitates

203 400 464 438 contulerunt.

258 465 379 512 Quod
407 464 436 502 si
465 463 538 502 civi
567 466 752 501 Romano
779 464 868 501 licet
897 476 981 502 esse
1010 465 1249 501 Gaditanum
1282 464 1360 502 sive
1392 465 1526 503 exsilio

203 527 283 566 sive
313 528 554 578 postliminio
584 528 664 566 six-c
694 527 906 566 reiectione
936 528 1049 565 huius
1080 528 1354 575 civitatis‚—ut
1380 531 1454 567 iam
1476 532 1526 568 ad

203 593 343 630 foedus
364 593 530 640 veniam,
553 594 662 643 quod
683 594 733 631 ad
763 606 919 631 causam
947 593 1042 629 nihil
1072 594 1260 642 pertinet:
1292 595 1341 631 de
1362 593 1527 632 civitatis

203 658 307 694 enim
330 657 422 704 iure,
445 671 526 696 non
554 659 604 696 de
625 657 847 695 foederibus
872 657 1303 707 disceptamuffifflquid
1324 666 1381 696 est
1409 672 1527 708 quam

202 721 255 759 ob
276 735 356 759 rem
385 722 458 760 civi
485 724 684 761 Gaditano
712 724 750 760 in
777 723 879 760 hanc
907 723 1102 760 civitatem
1131 724 1263 761 venire
1284 737 1362 760 non
1385 723 1527 762 liceat?

203 787 402 836 Equidem
433 789 549 837 longe
574 800 686 825 secus
714 788 850 825 sentio.
912 789 1014 825 Nam
1043 801 1133 825 cum
1162 802 1207 825 ex
1234 788 1418 826 omnibus
1439 788 1528 826 civi-

203 850 347 889 tatibus
380 851 441 889 via
473 853 520 889 sit
552 852 591 889 in
627 860 810 895 nostram,
841 865 1012 900 cumque
1048 853 1187 889 nostris
1216 852 1366 889 civibus
1398 860 1527 901 pateat

202 917 252 954 ad
288 925 436 954 ceteras
468 918 538 955 iter
572 916 758 961 civitates,
789 924 871 953 tum
905 929 1006 961 vero,
1039 924 1080 954 ut
1111 929 1289 966 quaeque
1320 917 1525 955 nobiscum

203 981 372 1019 maxime
408 981 595 1019 societate
624 982 796 1018 amicitia
826 981 1039 1030 sponsione
1070 983 1252 1030 pactione
1284 982 1439 1020 foedere
1469 990 1526 1021 est

203 1047 426 1093 coniuncta,
470 1047 521 1084 ita
564 1047 659 1083 mihi
708 1047 876 1084 maxime
919 1047 1201 1084 communione
1245 1047 1525 1085 beneficiorum

203 1110 465 1160 praemiorum
487 1110 652 1148 civitatis
680 1110 874 1148 contineri
898 1110 1061 1149 videtur.
1121 1112 1241 1160 Atqui
1267 1119 1418 1150 ceterae
1438 1112 1527 1150 civi-

203 1183 299 1214 tates
335 1189 473 1214 ornnes
507 1189 587 1213 non
621 1176 846 1214 dubitarent
882 1184 1035 1214 nostros
1067 1177 1247 1214 homines
1280 1177 1451 1226 recipere
1487 1179 1525 1215 in

202 1254 291 1278 suas
326 1241 512 1287 civitates,
548 1240 577 1278 si
612 1241 714 1278 idem
752 1254 823 1278 nos
858 1241 947 1277 iuris
978 1241 1212 1278 haberemus
1243 1242 1349 1290 quod
1381 1241 1526 1287 ceteri;

202 1306 272 1344 sed
304 1319 376 1344 nos
411 1319 490 1343 non
524 1319 732 1355 possumus
765 1314 802 1343 et
835 1305 950 1343 huius
980 1318 1065 1343 esse
1095 1305 1259 1343 civitatis
1290 1313 1326 1343 et
1356 1306 1524 1344 cuiusvis

202 1379 412 1420 praeterea,
444 1371 581 1408 ceteris
611 1383 845 1408 concessum
875 1378 944 1408 est.
1005 1371 1145 1418 Itaque
1178 1371 1215 1407 in
1248 1372 1406 1408 Graecis
1437 1370 1525 1408 civi-

202 1435 348 1473 tatibus
397 1435 575 1473 videmus
625 1435 891 1483 Atheniensis,
937 1434 1126 1479 Rhodios,
1175 1435 1522 1482 Lacedaemonios,

203 1509 353 1539 ceteros
374 1500 550 1550 undique
567 1500 735 1538 adscribi
754 1501 1042 1549 multarumque
1064 1512 1148 1537 esse
1165 1501 1325 1538 eosdem
1345 1500 1524 1539 homines

204 1566 416 1604 civitatum.
478 1567 571 1614 Quo
596 1579 722 1603 errore
747 1567 887 1603 ductos
915 1565 993 1602 vidi
1022 1571 1176 1613 egomet
1204 1577 1283 1601 non
1310 1566 1436 1602 nullos
1458 1566 1525 1602 im-

202 1633 346 1682 peritos
376 1632 566 1677 homines,
592 1638 744 1668 nostros
772 1631 876 1677 civis,
902 1631 1066 1668 AtheniS
1093 1629 1130 1666 in
1159 1643 1322 1667 numero
1350 1630 1523 1667 iudicum

201 1704 319 1745 atque
344 1696 678 1745 Areopagitarum,
703 1703 806 1734 certa
834 1695 946 1740 tribu,
971 1702 1076 1732 certo
1104 1707 1278 1739 numero,
1303 1707 1391 1731 cum
1421 1694 1526 1743 igno-

201 1769 339 1807 rarent,
363 1762 393 1798 si
421 1761 526 1798 illam
555 1760 751 1798 civitatem
781 1768 908 1798 essent
936 1759 1079 1809 adepti,
1109 1761 1209 1796 hanc
1240 1772 1280 1796 sc
1310 1758 1524 1808 perdidisse

202 1827 275 1864 nisi
297 1828 540 1876 postliminio
561 1826 852 1875 reciperassent.
913 1826 1064 1863 Peritus
1085 1837 1176 1862 vero
1201 1824 1319 1862 nostri
1343 1824 1459 1861 moris
1480 1838 1524 1862 ac

202 1891 292 1929 iuris
322 1905 440 1929 nemo
469 1904 667 1940 umquam,
692 1891 758 1940 qui
786 1892 888 1928 hanc
917 1889 1113 1927 civitatem
1143 1889 1306 1926 retinere
1337 1890 1461 1935 vellet,
1485 1889 1522 1926 in

201 1957 315 1994 aliam
338 1970 378 1994 se
400 1955 595 1993 civitatem
620 1955 774 1993 dicavit.

255 2022 333 2059 Sed
362 2022 425 2058 hic
454 2028 560 2058 totus
591 2022 699 2058 locus
731 2020 1005 2069 disputationis
1035 2026 1153 2067 atque
1183 2018 1369 2055 orationis
1399 2031 1520 2065 meae,

201 2085 363 2132 iudices,
384 2087 552 2135 pertinet
581 2086 631 2122 ad
662 2098 874 2122 commune
904 2084 962 2121 ius
993 2084 1268 2121 mutandarum
1299 2083 1522 2120 civitatum:

245 2200 264 2219 2
282 2188 333 2218 his
344 2188 472 2218 ΒΣΕὐε
496 2189 534 2218 iis
548 2187 661 2218 PHG:
683 2189 748 2218 hiis
760 2199 820 2218 wc:
838 2189 904 2218 suis
916 2186 1023 2217 Halm
1102 2197 1138 2225 ¹3
1168 2197 1201 2224 ¹4
1222 2186 1454 2216 communione
1467 2210 1473 2216 .
1490 2211 1496 2216 .
1511 2210 1519 2217 .

201 2232 363 2263 contineri
385 2230 525 2262 Weiske:
552 2232 820 2262 communionem
839 2255 844 2261 .
864 2256 870 2262 .
893 2255 900 2261 .
920 2231 1092 2262 continere
1109 2230 1199 2260 codd.
1309 2239 1344 2267 ¹5
1370 2229 1522 2259 homines

204 2275 355 2306 Gulielm.
375 2286 381 2304 :
406 2285 524 2305 omnes
541 2274 716 2306 PHli’zss‘:
742 2286 808 2305 om.
831 2274 891 2304 GE
1052 2284 1087 2312 17
1115 2273 1257 2303 cuiusvis
1275 2273 1320 2303 cd.
1340 2274 1406 2302 R:
1430 2273 1522 2301 cuius

200 2319 286 2349 codd.
307 2318 374 2358 (cui
389 2318 426 2358 E,
441 2319 512 2349 eius
523 2319 558 2359 k)
575 2330 581 2348 :
601 2319 684 2348 alius
698 2317 803 2347 Halm
875 2328 913 2354 19
937 2317 1166 2347 Athenienses
1181 2316 1355 2355 legww:
1377 2316 1521 2345 Athenis

201 2362 288 2392 codd.
311 2362 408 2402 (Sesl.
430 2366 443 2399 ξ
459 2364 515 2400 5ο)
594 2372 634 2401 25
660 2361 721 2392 nisi
737 2366 824 2401 post.
840 2361 941 2400 recip.
960 2360 1015 2391 del.
1028 2360 1192 2400 Pho-gers,
1209 2359 1345 2399 improb.
1366 2358 1519 2389 Zt'clinsk.

202 2406 343 2445 reciper.
362 2405 449 2436 PH:
469 2415 619 2445 recupcr.
639 2405 671 2436 Β
687 2405 751 2436 rell.

1549 163 1588 194 2¹8

1546 433 1589 460 12

1550 493 1587 524 29

1546 1377 1588 1408 30
