1774 2782
277 143 350 179 DE
383 142 548 181 DOMO
579 142 681 179 SVA
711 143 788 178 AD
819 140 1154 180 PONTIFICES
1184 140 1402 179 ORATIO
1459 152 1501 178 21

181 252 249 290 tibi
279 253 442 290 familias
464 260 748 303 compararent,
771 260 808 290 te
828 252 907 289 suis
929 251 1125 289 sceleratis
1141 251 1394 289 contionibus
1416 252 1503 289 sub-

175 318 355 361 levarent,
375 325 532 355 senatus
553 317 825 355 auctoritatem
846 316 1070 363 inriderent,
1090 316 1287 366 equitibus
1310 317 1501 354 Romanis

174 390 338 420 mortem
357 383 761 433 proscriptionemque
783 382 1063 428 minitarentur,
1083 396 1145 420 me
1166 390 1351 420 terrerent
1373 381 1502 428 minis,

173 447 267 484 mibi
289 449 451 486 caedem
481 456 518 486 et
545 447 841 486 dimicationem
868 447 1155 493 denuntiarent,
1181 461 1308 485 meam
1335 449 1499 485 domum

134 525 150 555 5
172 514 351 551 refertam
381 513 469 551 viris
501 513 615 551 bonis
650 526 718 562 per
752 513 900 551 amicos
937 526 1027 550 suos
1063 514 1305 562 complerent
1341 514 1501 562 proscri-

171 578 315 630 ptionis
338 588 455 625 metu,
480 592 543 616 me
565 578 781 628 frequentia
803 579 996 615 nudarent
1014 577 1183 615 virorum
1204 577 1414 622 bonorum,
1438 591 1500 615 me

169 644 365 695 praesidio
396 643 608 693 spoliarent
647 651 815 690 senatus,
853 656 924 693 pro
956 656 1018 680 me
1057 656 1137 680 non
1170 643 1290 680 modo
1327 655 1500 692 pugnare

168 709 453 759 amplissimum
469 710 659 756 ordinem,
676 711 745 748 sed
761 709 878 748 etiam
895 711 1046 759 plorare
1060 717 1097 746 et
1114 709 1333 758 supplicare
1350 717 1499 746 mutata

168 782 275 813 veste
294 774 557 824 prohiberent,
577 788 627 812 ne
649 783 732 812 tum
753 774 914 824 quidem
936 774 992 812 vis
1013 776 1123 812 erat?
1165 774 1272 822 Quid
1295 774 1408 823 igitur
1424 788 1496 823 ego

112 858 148 880 ιο
168 839 276 886 cessi,
306 848 373 877 aut
398 839 464 889 qui
493 839 609 878 timor
636 840 735 877 fuit?
765 853 844 877 non
876 839 1005 877 dicam
1036 840 1074 876 in
1100 852 1186 876 me:
1217 840 1276 876 fac
1308 853 1370 876 me
1397 839 1496 876 timi-

167 905 262 942 dum
301 917 386 942 esse
425 912 583 942 natura:
628 904 752 953 quid?
794 903 859 941 illa
897 911 954 941 tot
988 903 1157 941 virorum
1197 903 1493 941 fortissimorum

167 968 283 1015 milia,
313 970 438 1018 quid?
468 969 588 1006 nostri
618 968 769 1018 equites
801 969 983 1015 Romani,
1013 968 1139 1018 quid?
1173 976 1340 1016 senatus,
1371 969 1496 1018 quid?

166 1033 338 1083 denique
359 1047 497 1072 omnes
526 1034 631 1078 boni,
653 1033 684 1072 si
706 1035 813 1071 nulla
835 1041 916 1071 erat
935 1033 1003 1080 vis,
1027 1047 1096 1071 cur
1123 1047 1185 1071 me
1206 1035 1343 1071 flentes
1365 1033 1494 1083 potius

167 1098 362 1148 prosecuti
392 1106 483 1136 sunt
513 1112 631 1148 quam
665 1106 732 1136 aut
762 1098 1008 1148 increpantes
1043 1098 1285 1136 retinuerunt
1315 1107 1380 1137 aut
1411 1099 1494 1137 irati

109 1179 146 1210 15
168 1164 434 1214 reliquerunt?
481 1166 546 1201 An
566 1166 642 1202 hoc
663 1164 862 1211 timebam,
886 1164 916 1201 si
939 1177 1094 1202 mecum
1116 1172 1292 1213 ageretur
1313 1178 1419 1202 more
1441 1165 1494 1202 in-

166 1229 381 1279 stitutoque
403 1229 605 1275 maiorum,
630 1237 670 1266 ut
692 1242 848 1278 possem
871 1242 1054 1279 praesens
1075 1230 1294 1267 sustinere?
1338 1231 1489 1277 Vtrum,
1515 1265 1528 1274 υ

165 1295 195 1332 si
227 1294 309 1332 dies
340 1294 445 1332 dicta
474 1302 587 1341 esset,
616 1294 804 1332 iudicium
834 1294 929 1332 mihi
959 1294 1029 1332 fuit
1057 1294 1414 1344 pertimescendum
1442 1309 1491 1333 an

164 1358 248 1397 sine
269 1359 415 1397 iudicio
440 1359 714 1409 privilegium?
773 1359 1053 1397 Iudiciumne?
1111 1360 1239 1398 Causa
1264 1367 1343 1397 tam
1371 1360 1492 1410 turpis

164 1424 322 1471 scilicet,
354 1426 476 1462 homo
506 1424 572 1473 qui
603 1438 704 1471 eam,
734 1424 764 1461 si
795 1424 872 1462 iam
903 1432 1005 1462 esset
1035 1424 1177 1474 ignota,
1210 1424 1381 1462 dicendo
1411 1439 1491 1463 non

105 1510 144 1531 20
164 1503 320 1538 possem
347 1489 550 1538 explicare.
609 1492 673 1526 An
694 1489 786 1539 quia
813 1503 971 1527 causam
993 1490 1158 1539 probare
1179 1502 1259 1527 non
1287 1492 1493 1539 poteram?

164 1554 273 1591 cuius
295 1562 402 1592 tanta
432 1554 586 1591 bonitas
614 1562 671 1591 est
702 1562 744 1592 ut
769 1568 813 1592 ea
840 1554 923 1604 ipsa
944 1568 1023 1592 non
1055 1556 1175 1593 modo
1203 1568 1258 1602 se,
1279 1557 1348 1593 sed
1374 1555 1490 1593 etiam

164 1633 225 1657 me
246 1620 449 1657 absentem
467 1633 535 1669 per
555 1633 596 1658 se
617 1619 798 1668 probarit.
837 1622 900 1657 An
917 1628 1085 1665 senatus,
1104 1633 1153 1657 an
1176 1620 1333 1658 ordines
1353 1634 1487 1667 omnes,

162 1697 211 1721 an
234 1684 257 1721 ii
275 1684 339 1733 qui
363 1693 504 1722 cuncta
525 1699 571 1722 ex
595 1684 707 1722 Italia
727 1686 776 1722 ad
799 1698 861 1721 me
882 1686 1147 1722 revocandum
1170 1686 1487 1732 convolaverunt,

163 1749 359 1798 segniores
381 1763 443 1787 me
465 1756 668 1798 praesente
687 1750 738 1786 ad
759 1762 822 1786 me
847 1749 1095 1787 retinendum
1117 1757 1155 1787 et
1175 1751 1488 1788 conservandum

102 1832 141 1863 25
163 1813 335 1860 fuissent,
366 1814 404 1851 in
436 1827 480 1852 ea
506 1827 621 1851 causa
651 1827 768 1863 quam
801 1814 883 1862 ipse
913 1813 989 1850 iam
1020 1813 1211 1863 parricida
1240 1815 1357 1852 talem
1385 1814 1489 1853 dicat

162 1879 279 1918 fuisse
314 1888 354 1917 ut
388 1894 450 1918 me
479 1879 529 1917 ab
565 1880 750 1918 omnibus
779 1880 830 1917 ad
866 1892 994 1916 meam
1026 1879 1227 1929 pristinam
1259 1880 1487 1929 dignitatem

160 1952 426 1994 exspectatum
462 1953 579 1993 atque
614 1952 839 1982 revocatum
875 1946 1086 1992 queratur?
1142 1946 1206 1981 An
1240 1958 1331 1982 vero
1366 1945 1403 1982 in
1437 1945 1488 1982 iu-

159 2010 263 2047 dicio
302 2009 461 2059 periculi
502 2009 597 2046 nihil
638 2009 732 2046 suit:
777 2008 1019 2058 privilegium
1061 2008 1252 2057 pertimui,
1291 2023 1350 2056 ne,
1393 2010 1486 2047 mihi

159 2074 349 2124 praesenti
386 2074 416 2111 si
452 2076 574 2112 multa
605 2075 855 2123 inrogaretur,
893 2087 1011 2110 nemo
1043 2073 1328 2112 intercederet?
1384 2076 1483 2112 Tam

99 2155 139 2185 30
159 2138 271 2188 inops
305 2147 436 2177 autem
469 2152 541 2187 ego
576 2152 680 2176 eram
714 2138 763 2175 ab
796 2137 932 2175 amicis
969 2146 1034 2175 aut
1069 2146 1147 2175 tam
1184 2139 1290 2176 nuda
1325 2152 1383 2177 res
1418 2153 1484 2188 pu-

204 2252 241 2272 10
265 2243 352 2280 gessi
370 2241 456 2273 codd.
473 2242 550 2281 pler.
686 2243 723 2271 18
751 2241 982 2271 Iudiciumnc?
1007 2245 1059 2271 etc.
1081 2242 1200 2281 scripsi
1211 2253 1285 2271 cum
1306 2242 1481 2274 Muellero:

158 2284 318 2315 Iudicium
341 2286 372 2315 in
393 2295 492 2315 causa
508 2291 575 2315 tam
594 2285 707 2324 turpi?
734 2285 804 2314 scil.
827 2285 925 2314 homo
947 2284 1036 2315 codd.
1061 2285 1144 2322 (scil.
1166 2285 1193 2315 is
1212 2285 1314 2315 homo
1334 2296 1405 2316 sum
1424 2288 1480 2325 qui

155 2329 254 2358 etiam
274 2329 300 2357 si
316 2338 416 2359 causa
435 2333 528 2358 esset
544 2328 661 2367 ignota
677 2328 708 2364 k>
735 2328 920 2358 Iudicium?
958 2328 990 2357 in
1010 2338 1110 2359 causa
1129 2334 1193 2358 tam
1215 2330 1300 2368 turpi
1318 2329 1387 2359 scil.
1409 2341 1414 2359 :
1438 2341 1479 2359 an

155 2371 181 2400 is
207 2372 306 2401 homo
333 2371 442 2402 Garat.
595 2382 633 2410 19
657 2372 711 2410 qui
737 2381 871 2401 causam
899 2371 999 2401 Klotz
1154 2382 1194 2401 :22
1221 2377 1397 2410 apsentem
1425 2372 1479 2403 P:

152 2415 290 2444 absente
309 2419 345 2445 ut
361 2415 473 2446 Madv.
495 2416 539 2444 Ha
558 2416 602 2445 Bt
668 2425 785 2444 omnes
806 2414 881 2447 add.
905 2415 1016 2445 Garat.
1169 2426 1208 2454 23
1235 2416 1256 2444 ii
1275 2416 1312 2447 k:
1339 2416 1370 2445 hi
1389 2416 1476 2447 codd.

150 2458 222 2488 pler.
357 2469 394 2497 ‘27
420 2459 462 2488 At
482 2470 561 2488 vero
582 2459 712 2489 Mada:
740 2458 797 2487 sed
812 2459 847 2496 cf
871 2461 884 2495 ξ
904 2469 941 2496 79

1524 157 1562 188 55

1519 770 1569 797 22

1517 821 1557 861 56

1508 1953 1545 1992 58
