1774 2782
511 144 620 181 PRO
652 145 692 180 P.
725 143 919 180 SESTIO
950 143 1165 181 ORATIO
1441 143 1490 188 38
1510 149 1548 179 81

167 254 216 292 ad
256 267 363 291 arma
402 252 519 291 ituri?
566 252 743 290 fuistisne
778 265 847 290 vos
881 253 932 290 ad
968 252 1134 302 patrium
1170 252 1279 290 illum
1317 253 1492 289 animum

169 319 441 368 maiorumque
470 317 653 355 virtutem
687 316 921 355 excitaturi?
963 317 1140 355 fuistisne
1169 317 1383 367 aliquando
1412 331 1493 354 rem

168 383 366 433 publicam
393 396 416 420 a
442 383 598 419 funesto
625 383 774 419 latrone
801 381 1030 430 repetituri?
1058 395 1109 418 an
1133 381 1250 419 etiam
1279 389 1361 419 tum
1390 382 1495 429 quic-

168 446 336 492 sceretis,
355 445 648 491 cunctaremini‚
667 445 866 492 timeretis,
885 459 975 482 cum
994 459 1074 483 rem
1092 445 1290 494 publicam
1311 459 1334 483 a
1355 445 1495 482 facine-

132 523 148 554 5
169 511 374 549 rosissimis
410 510 555 548 sicariis
590 518 628 548 et
662 523 685 548 a
717 510 835 548 servis
870 524 955 548 csse
990 523 1218 559 oppressam
1253 518 1371 559 atque
1405 524 1495 547 con-

168 577 360 613 culcatam
385 575 598 614 videretis?
655 575 779 615 Cuius
807 574 922 625 igitur
948 582 1115 613 mortem
1145 575 1440 619 ulcisceremini,
1465 575 1494 612 si

168 641 329 691 quidem
360 640 471 679 libcri
502 654 587 679 esse
613 648 651 678 et
681 641 825 678 habere
855 654 936 678 rem
962 641 1161 690 publicam
1190 640 1422 691 cogitaretiS‚
1446 642 1495 678 dc

168 708 251 744 eius
271 707 411 743 virtute
431 706 506 743 vivi
535 705 630 755 quid
652 719 720 743 vos
747 706 867 755 loqui,
891 706 987 755 quid
1015 706 1167 751 sentire,
1191 705 1287 755 quid
1313 705 1494 754 cogitare,

169 771 263 821 quid
293 772 464 809 iudicare
492 777 681 820 oporteat,
705 770 967 808 dubitandum
996 770 1171 820 putatis?
1227 772 1279 808 At
1304 784 1395 808 vero
1423 770 1494 819 ipsi
1516 775 1552 805 82

113 836 222 873 10illi
258 835 482 886 parricidae,
519 848 685 884 quorum
722 836 941 872 ecfrenatus
977 836 1081 872 furor
1114 834 1229 872 alitur
1263 835 1495 884 impunitate

169 901 364 947 diuturna,
387 902 488 938 adeo
516 899 592 937 vim
625 900 806 937 facinoris
834 900 891 936 sui
920 900 1219 948 perhorruerant
1247 907 1299 945 ut,
1324 901 1354 937 si
1379 902 1496 949 paulo

170 965 320 1015 longior
349 965 484 1015 opinio
514 964 648 1003 mortis
679 963 779 1002 Sesti
810 965 955 1011 fuisset,
987 965 1212 1002 Gracchum
1243 964 1351 1002 illum
1382 978 1495 1002 suum

171 1029 427 1069 transferendi
446 1031 484 1067 in
501 1043 574 1067 nos
591 1029 763 1067 criminis
780 1042 898 1067 causa
914 1030 1094 1067 occidere
1111 1028 1327 1078 cogitarint.
1369 1031 1497 1068 Sensit

172 1095 379 1134 rusticulus
419 1109 498 1132 non
539 1095 919 1143 incautus—neque
958 1093 1063 1132 enim
1107 1093 1287 1132 homines
1326 1108 1496 1144 nequam

137 1175 153 1205 5
172 1169 299 1199 tacere
316 1167 700 1210 potuerunt-—suum
715 1160 945 1208 sanguinem
963 1159 1096 1208 quaeri
1111 1160 1161 1196 ad
1178 1160 1496 1208 restinguendam

173 1226 360 1263 invidiam
382 1224 563 1262 facinoris
591 1223 801 1269 Clodiani3
831 1222 1061 1261 mulioniam
1090 1225 1299 1273 paenulam
1326 1225 1495 1273 arripuit,

171 1304 261 1328 cum
285 1303 362 1339 qua
388 1288 558 1339 primum
588 1290 757 1326 Romam
786 1289 836 1326 ad
858 1287 1018 1326 comitia
1038 1296 1221 1335 venerat3
1252 1290 1438 1326 messoria
1458 1303 1498 1327 se

172 1355 290 1393 corbe
312 1353 494 1392 contexit.
556 1354 659 1392 Cum
680 1359 912 1402 quaererent
932 1352 996 1389 alii
1023 1352 1267 1399 Numerium,
1291 1355 1354 1391 alii
1377 1356 1498 1402 Quin-

173 1422 282 1466 tium,
305 1418 451 1469 gemini
473 1418 645 1456 nominis
667 1431 794 1456 errore
815 1425 988 1456 servatus
1010 1425 1078 1455 est.
1139 1421 1272 1468 Atque
1297 1420 1372 1457 hoc
1394 1419 1498 1458 scitis

115 1499 156 1520 20
175 1498 322 1531 omnes,
342 1497 466 1534 usque
486 1485 588 1522 adeo
609 1483 809 1521 bominem
829 1484 867 1520 in
884 1484 1058 1533 periculo
1075 1482 1193 1521 fuisse
1209 1485 1341 1533 quoad
1358 1484 1497 1522 scitum

173 1559 231 1588 est
262 1550 432 1588 Sestium
457 1548 611 1596 vivere3
641 1549 749 1598 quod
777 1549 816 1585 ni
844 1556 945 1586 esset
972 1549 1211 1598 patefactum
1240 1551 1357 1598 paulo
1384 1551 1498 1588 citius

172 1628 291 1664 quam
313 1615 466 1661 vellem,
488 1627 568 1652 non
598 1613 650 1650 illi
679 1613 839 1663 quidem
869 1621 993 1652 morte
1022 1614 1276 1652 mercennarii
1298 1614 1357 1652 sui
1382 1623 1499 1653 trans-

175 1681 271 1717 ferre
292 1678 512 1728 potuissent
534 1678 721 1716 invidiam
743 1678 783 1716 in
811 1691 910 1728 quos
940 1678 1142 1727 putabant,
1165 1679 1235 1717 sed
1259 1680 1499 1718 acerbissimi

175 1743 328 1782 sceleris
350 1743 550 1781 infamiam
579 1750 688 1793 grato
716 1744 889 1792 quodam
918 1745 1063 1782 scelere
1088 1743 1331 1782 minuissent.
1388 1746 1446 1782 Ac
1467 1744 1498 1783 si
1519 1753 1558 1790 83

116 1827 154 1857 25
175 1817 258 1847 tum
290 1812 330 1846 P.
355 1809 516 1856 Sestius,
537 1808 697 1854 iudices,
726 1808 764 1846 in
796 1810 944 1858 templo
975 1808 1149 1848 Castoris
1178 1808 1350 1846 animam
1381 1823 1497 1859 quam

177 1875 236 1912 vix
257 1873 414 1912 retinuit
441 1873 639 1920 edidisset,
665 1887 745 1911 non
776 1872 916 1911 dubito
944 1873 1049 1922 quin,
1074 1873 1105 1911 si
1133 1874 1254 1911 modo
1279 1881 1379 1912 esset
1401 1873 1438 1911 in
1461 1888 1499 1912 re

175 1939 333 1989 publica
363 1946 531 1986 senatus,
561 1939 592 1976 si
624 1938 806 1976 maiestas
837 1937 970 1988 populi
1005 1939 1176 1976 Romani
1206 1938 1412 1985 revixisset,
1437 1939 1500 1976 ali-

177 2004 337 2053 quando
372 2011 498 2041 statua
537 2003 628 2040 huic
669 2003 721 2040 ob
756 2016 836 2040 rem
871 2004 1071 2052 publicam
1108 2002 1311 2040 interfecto
1344 2004 1382 2040 in
1417 2004 1500 2040 foro

176 2075 420 2106 statueretur.
480 2069 565 2106 Nec
591 2081 681 2106 vero
710 2069 863 2105 illorum
889 2067 1097 2116 quisquam
1126 2081 1225 2116 quos
1246 2080 1268 2105 a
1289 2066 1500 2105 maioribus

219 2183 238 2211 3
262 2177 339 2203 tunc
357 2172 432 2202 Hks
532 2183 551 2209 4
577 2171 755 2201 facineros.
774 2171 824 2201 P:
850 2171 1027 2201 facinoros.
1048 2170 1080 2200 Β
1095 2171 1159 2202 rell.
1181 2172 1213 2209 (ξ
1233 2171 1289 2210 95δ
1380 2180 1399 2209 5
1424 2181 1500 2200 con-

177 2216 341 2245 culcatam
382 2215 557 2246 Gulielm.:
598 2215 761 2245 occultam
792 2214 879 2244 codd.
916 2214 1130 2254 (occupatam
1162 2214 1276 2253 Hks):
1319 2214 1499 2253 iugulatam

181 2258 333 2289 Weidner
473 2260 493 2289 8
516 2258 597 2297 quid
623 2258 771 2297 cogitare
797 2257 853 2288 del.
882 2257 1025 2288 Karsten
1182 2269 1202 2297 9
1240 2257 1285 2288 At
1309 2269 1325 2288 s
1341 2258 1420 2287 sol.:
1444 2257 1498 2286 An

178 2302 244 2334 rell.
406 2312 439 2331 11
467 2302 733 2341 perhorruerant
751 2301 790 2340 P,
811 2311 889 2330 corr.
910 2312 948 2331 ex
964 2305 1048 2338 -unt,
1065 2304 1094 2330 et
1109 2301 1152 2330 ita
1176 2301 1234 2331 ΒΣ
1370 2302 1408 2330 16
1433 2310 1500 2329 mu—

179 2345 316 2376 lioniam
341 2356 374 2376 s:
402 2345 595 2375 multoniam
614 2344 647 2374 P
661 2345 725 2374 rell.
745 2355 752 2374 ε
778 2345 991 2375 mulionicam
1008 2344 1121 2383 Prisc„
1141 2344 1259 2375 Lamb.
1385 2354 1422 2373 21
1451 2348 1501 2373 est

178 2388 273 2418 Hks:
299 2389 342 2419 sit
359 2388 391 2418 P
405 2389 468 2419 rell.
489 2391 539 2429 (ex
555 2388 723 2427 scitumst)
