1774 2782
177 546 194 577 5

155 867 194 890 10

153 1518 191 1540 20

392 161 502 198 PRO
535 161 578 198 L.
611 161 903 199 CORNELIO
934 162 1118 199 BALBO
1149 162 1364 200 ORATIO
1513 164 1540 200 6

216 267 298 307 iure
329 275 448 318 atque
482 270 615 319 pacis,
654 270 727 307 nisi
761 271 858 307 forte
889 283 933 307 ea
966 284 1067 319 quae
1102 284 1173 308 nos
1206 270 1291 308 libri
1324 272 1470 309 docent
1503 273 1542 309 in

215 333 353 371 umbra
375 342 492 383 atque
514 334 606 381 otio,
623 347 667 372 ea
685 335 756 374 Cn.
775 334 1007 384 Pompeium
1030 348 1159 384 neque
1175 348 1265 372 cum
1282 337 1540 384 requiesceret

215 399 375 445 litterae,
417 411 546 448 neque
584 411 675 436 cum
714 411 795 436 rem
835 406 984 448 gereret
1027 399 1205 449 regiones
1249 400 1355 449 ipsae
1398 401 1540 438 docere

214 470 438 512 potuerunt.

269 530 412 577 Atque,
431 535 473 566 ut
494 540 568 578 ego
588 527 725 575 sentio,
746 527 905 575 iudices,
925 541 1042 566 causa
1059 528 1163 567 dicta
1179 537 1249 567 est.
1296 531 1538 579 Temporum

215 594 338 642 magis
359 606 432 642 ego
459 606 564 631 nunc
585 594 686 631 vitiis
714 607 831 643 quam
859 606 1000 643 genere
1029 593 1147 631 iudici
1169 596 1278 643 plura
1299 595 1453 642 dicam,
1482 604 1539 633 est

214 659 321 695 enim
361 658 457 696 haec
496 658 640 696 saeculi
679 659 874 708 quaedam
914 660 1066 696 macula
1103 667 1220 708 atque
1256 659 1372 707 labes,
1409 660 1538 698 virtuti

214 722 398 769 invidere,
422 724 521 761 velle
550 722 678 772 ipsum
707 724 842 761 florem
874 723 1072 772 dignitatis
1100 723 1318 773 infringere.
1381 726 1537 764 Etenim

214 787 244 823 si
276 786 487 837 Pompeius
519 786 663 825 abhinc
694 800 819 825 annos
849 789 1085 837 quingentos
1114 790 1257 836 fuisset,
1282 789 1312 827 is
1332 789 1388 827 vir
1414 804 1435 828 a
1459 804 1538 840 quo

213 858 372 889 senatus
411 852 709 890 adulescentulo
747 860 866 901 atque
901 852 1032 901 equite
1067 855 1252 891 Romano
1286 866 1402 903 saepe
1436 868 1539 892 com-

214 915 324 953 muni
358 915 471 954 saluti
513 916 699 954 auxilium
742 916 964 966 expetisset,
997 917 1106 954 cuius
1146 931 1204 956 res
1245 926 1376 967 gestae
1410 920 1537 956 omnis

214 981 340 1031 gentis
375 995 465 1019 cum
496 982 708 1020 clarissima
737 982 896 1020 victoria
926 990 1024 1020 terra
1054 982 1229 1032 marique
1258 991 1534 1033 peragrassent,

212 1046 323 1084 cuius
361 1054 437 1085 tres
476 1047 663 1097 triumphi
697 1055 814 1086 testes
849 1055 978 1085 essent
1018 1055 1145 1085 totum
1180 1048 1315 1086 orbem
1351 1056 1536 1087 terrarum

213 1119 348 1150 nostro
383 1111 548 1161 imperio
581 1114 714 1159 teneri,
748 1126 866 1162 quem
897 1114 1065 1162 populus
1098 1114 1303 1150 Romanus
1334 1114 1538 1152 honoribus

215 1177 426 1225 inszgm'lms
446 1178 786 1227 singularibusque
808 1177 1131 1224 decorasset,—si
1154 1192 1257 1215 nunc
1278 1179 1383 1228 apud
1405 1192 1475 1216 nos
1497 1179 1536 1217 id

211 1243 320 1291 quod
338 1243 369 1280 is
387 1243 541 1280 fecisset
557 1251 693 1281 contra
710 1243 849 1281 foedus
866 1243 1012 1280 factum
1029 1242 1232 1290 diceretur,
1251 1245 1337 1293 quis
1357 1245 1537 1282 audiret?

211 1307 343 1346 Nemo
371 1309 573 1358 profecto,
603 1322 706 1347 mors
732 1310 837 1347 enim
866 1321 956 1346 cum
985 1308 1229 1346 exstinxisset
1256 1308 1455 1355 invidiam,
1477 1322 1535 1347 res

211 1372 294 1411 eius
325 1381 457 1422 gestae
497 1374 723 1423 sempiterni
759 1373 930 1411 nominis
965 1373 1086 1422 gloria
1120 1373 1344 1412 niterentur.
1415 1373 1536 1411 Cuius

210 1437 325 1487 igitur
344 1437 477 1476 audita
498 1437 617 1476 virtus
646 1437 883 1476 dubitationi
909 1439 1040 1475 locum
1067 1450 1147 1475 non
1174 1438 1294 1484 daret,
1317 1439 1432 1476 huius
1453 1440 1536 1477 visa

209 1510 328 1552 atque
349 1511 553 1553 perspecta
575 1503 882 1541 obtrectatorum
904 1516 1001 1540 voce
1020 1504 1223 1541 laedetur?

264 1568 456 1607 Omittam
479 1568 592 1618 igitur
615 1569 851 1618 Pompeium
873 1567 949 1605 iarn
979 1567 1154 1606 oratione
1177 1581 1263 1606 mea
1284 1568 1442 1618 reliqua,
1466 1569 1535 1607 sed

209 1646 290 1680 vos,
326 1632 487 1680 iudices,
523 1633 664 1671 animis
701 1646 747 1671 ac
782 1632 971 1671 memoria
1006 1640 1189 1671 tenetote.
1259 1634 1321 1670 De
1355 1634 1449 1682 lege,
1485 1635 1536 1671 de

209 1698 378 1744 foedere,
416 1698 466 1736 de
500 1698 698 1747 exemplis
734 1698 784 1736 de
819 1705 1006 1747 perpetua
1045 1698 1331 1735 consuetudine
1371 1698 1535 1735 civitatis

209 1769 366 1800 nostrae
386 1763 585 1800 renovabo
607 1776 652 1801 ea
674 1775 776 1811 quae
797 1761 903 1800 dicta
924 1769 1013 1799 sunt
1028 1776 1038 1809 3
1068 1761 1164 1798 nihil
1185 1763 1289 1800 enim
1316 1761 1410 1798 mihi
1432 1761 1533 1808 novi,

209 1825 305 1864 nihil
336 1826 473 1876 integri
505 1840 634 1876 neque
667 1829 724 1864 M.
753 1826 929 1872 Crassus,
963 1826 1030 1875 qui
1060 1834 1181 1864 totam
1212 1839 1368 1864 causam
1399 1834 1437 1864 et
1466 1840 1536 1875 pro

209 1892 393 1930 facultate
428 1899 465 1930 et
499 1904 569 1941 pro
604 1892 683 1930 fide
721 1904 790 1929 sua
831 1890 1128 1940 diligentissime
1167 1890 1277 1928 vobis
1319 1891 1533 1939 explicavit,

210 1969 339 2005 neque
378 1955 452 1995 Cn.
492 1955 716 2005 Pompeius,
758 1955 868 1992 cuius
909 1954 1033 1992 oratio
1073 1954 1256 1992 omnibus
1297 1955 1535 1993 ornamentis

209 2020 435 2067 abundavit,
466 2021 515 2059 ad
545 2020 757 2058 dicendum
787 2020 951 2069 reliquit.
1013 2021 1090 2058 Sed
1122 2019 1307 2068 quoniam
1339 2032 1401 2058 me
1431 2033 1536 2058 recu·

253 2127 274 2156 6
298 2126 388 2156 vitiis
405 2134 504 2163 quam
522 2124 652 2154 Baiter:
678 2125 769 2154 vitiis
782 2124 832 2163 (ut
850 2124 891 2154 iis
908 2124 945 2162 P,
962 2129 997 2154 ut
1015 2124 1067 2154 his
1081 2124 1166 2163 BH)
1181 2124 1312 2162 inquam
1330 2122 1416 2153 codd.
1435 2125 1462 2162 (ξ
1480 2124 1534 2162 9);

209 2169 290 2199 vitio
316 2178 414 2208 quam
432 2166 545 2197 Madv.
602 2168 696 2198 Num
722 2167 821 2197 iudici
837 2166 1059 2209 <inductus)3
1231 2178 1251 2206 9
1277 2167 1339 2198 Cn.
1358 2166 1535 2206 Pompeius

209 2212 360 2243 HGEb&-
439 2220 477 2249 14
492 2211 672 2241 honoribus
680 2211 730 2240 hic
739 2210 902 2250 supplevi:
914 2215 990 2241 ante
997 2212 1190 2241 decorasset
1201 2211 1363 2249 Angelius
1434 2219 1470 2247 15
1485 2210 1535 2239 in-

210 2256 364 2295 signibus
381 2254 675 2294 singularibusque
688 2253 800 2285 Madv.
815 2265 821 2285 :
847 2255 878 2283 in
896 2254 1189 2292 singularibusque
1207 2253 1294 2284 codd.
1370 2254 1407 2282 18
1430 2252 1535 2291 gloria

209 2297 324 2331 s.l.P'²
399 2298 589 2329 niterentur
613 2297 724 2327 codd:
757 2297 904 2327 niterent
935 2296 1158 2336 Nnc-renhmg:
1200 2298 1405 2327 nitescerent
1435 2295 1535 2326 Klotz

210 2344 404 2382 (utrumque
433 2341 597 2380 improbat
613 2339 782 2380 Zielinski)
891 2350 929 2379 19
952 2341 1051 2370 huius
1070 2341 1141 2370 visa
1167 2345 1266 2378 atquc
1283 2340 1409 2370 Halm:
1437 2339 1535 2369 huius

209 2391 312 2425 atque
324 2384 414 2416 codd.
422 2388 552 2424 praeter
568 2383 609 2413 6²
624 2384 738 2421 (huius
753 2388 830 2413 nota
848 2383 965 2423 atque)
981 2387 1010 2412 ct
1024 2383 1109 2414 Hbs?
1129 2384 1243 2415 (liuius
1261 2388 1403 2423 experta
1416 2382 1534 2422 atque)

211 2440 253 2459 20
277 2429 426 2468 perfecta
443 2427 516 2466 PB,
537 2438 615 2458 corr.
635 2431 658 2458 Σ
748 2427 899 2457 laedatur
915 2427 1015 2465 Basa,
1039 2425 1148 2456 Muell.

1564 179 1600 211 ¹5

1562 798 1599 830 16

1559 1605 1596 1636 17
