1774 2782
208 130 253 157 10
276 135 314 166 25
640 119 695 155 M.
728 117 897 154 TVLLI
929 116 1235 156 CICERONIS

274 240 375 276 quae
395 228 445 265 de
466 226 531 264 illo
553 233 609 264 est
630 233 748 275 atque
775 232 866 271 erat,
889 232 980 263 ante
1007 224 1209 274 aliquanto
1233 225 1412 272 timebas,
1437 227 1479 264 L.
1503 227 1600 264 Len-

274 294 411 339 tulum,
444 293 549 329 hunc
578 291 749 330 iudicem
780 298 969 338 nostrum,
1000 290 1199 329 flaminem
1233 292 1466 338 Martialem,
1492 291 1601 340 quod

274 364 353 395 erat
375 369 423 395 eo
443 365 619 406 tempore
637 357 781 394 Gabini
799 357 853 393 tui
871 355 1116 405 competitor,
1135 355 1312 395 eiusdem
1330 357 1436 395 Vetti
1453 354 1601 394 indicio

274 421 494 471 opprimere
534 421 711 460 voluisti:
755 420 821 470 qui
861 422 891 458 si
931 428 1013 458 tum
1054 420 1159 458 illam
1199 421 1329 459 labem
1370 427 1600 470 pestemque

273 487 440 534 vicisset,
464 487 572 536 quod
593 486 626 525 ei
649 494 717 524 tuo
738 487 884 524 scelere
900 498 980 523 non
1003 486 1123 532 licuit,
1142 498 1201 524 res
1222 485 1381 536 publica
1401 485 1503 523 victa
1518 497 1599 523 non
1621 502 1637 534 5

273 559 385 590 esset.
457 551 589 589 Huius
621 551 737 589 etiam
770 550 893 588 filium
926 551 1069 588 eodem
1104 549 1252 589 indicio
1287 557 1324 588 et
1356 549 1518 588 crimine
1551 550 1601 588 ad

274 615 394 666 patris
426 615 626 654 interitum
661 617 870 665 adgregare
903 614 1083 653 voluisti:
1125 617 1168 653 L.
1202 617 1378 662 Paulum,
1416 616 1482 664 qui
1517 621 1600 652 tum

274 689 458 731 quaestor
482 682 759 719 Macedoniam
778 680 994 727 obtinebat,
1014 694 1133 730 quern
1155 680 1292 728 civem,
1312 694 1430 731 quem
1453 680 1575 719 virum
1594 684 1599 719 ἕ

273 748 340 796 qui
355 748 435 786 duo
453 746 620 785 nefarios
635 746 781 796 patriae
794 745 1024 795 proditores,
1040 747 1281 785 domesticos
1299 747 1434 792 hostis,
1450 745 1601 795 legibus

274 811 559 857 exterminarat,
596 810 800 849 hominem
840 811 890 849 ad
930 812 1240 849 conservandam
1280 824 1360 848 rem
1400 810 1599 860 publicam
1626 825 1661 847 ιο

274 884 422 924 natum,
460 878 499 914 in
534 877 639 915 idem
675 875 783 914 Vetti
823 875 1010 914 indicium
1051 884 1170 925 atque
1205 877 1243 913 in
1284 877 1456 914 eundem
1495 877 1601 914 hunc

215 949 253 980 26
274 956 481 981 numerum
504 942 756 992 congregasti.
803 942 910 989 Quid
933 955 1023 991 ergo
1043 943 1093 979 de
1116 954 1178 979 nie
1199 943 1367 991 querar?
1396 940 1462 991 qui
1484 940 1601 979 etiam

273 1008 413 1058 gratias
439 1007 509 1046 tibi
537 1020 650 1058 agere
678 1007 807 1046 debeo
834 1007 943 1056 quod
971 1020 1033 1045 me
1058 1020 1104 1045 ex
1131 1007 1429 1045 fortissimorum
1458 1005 1600 1044 civium

219 1086 253 1112 11
275 1086 440 1112 numero
470 1073 757 1123 seiungendum
787 1086 868 1111 non
898 1073 1053 1122 putasti.
1113 1073 1191 1111 Sed
1221 1072 1286 1122 qui
1319 1072 1389 1110 fuit
1419 1079 1508 1109 tuus
1538 1070 1602 1109 ille

275 1146 406 1177 tantus
437 1139 541 1177 furor
567 1146 620 1185 ut,
652 1152 741 1176 cum
775 1139 850 1176 iam
882 1137 1037 1176 Vettius
1067 1138 1117 1175 ad
1145 1137 1346 1175 arbitrium
1377 1145 1487 1175 tuum
1519 1150 1601 1187 per·
1624 1149 1660 1181 15

275 1212 421 1243 orasset
439 1212 475 1242 et
492 1203 657 1242 civitatis
672 1203 820 1241 lumina
837 1211 1010 1242 notasset
1027 1203 1377 1253 descendissetque
1390 1204 1440 1241 de
1457 1202 1599 1249 rostris,

275 1282 365 1308 eum
398 1278 559 1320 repente
593 1282 806 1315 revocares,
839 1270 1121 1318 conloquerere
1151 1270 1300 1319 populo
1334 1270 1518 1307 Romano
1552 1268 1603 1306 vi-

275 1336 405 1382 dente,
422 1336 568 1373 deinde
582 1334 836 1384 interrogares
854 1347 1095 1383 ecquosnam
1112 1334 1208 1372 alios
1222 1341 1353 1384 posset
1371 1334 1573 1372 nominare
1587 1335 1604 1370 ?

277 1400 543 1439 Inculcarisne
564 1407 605 1437 ut
628 1399 673 1439 C.
694 1399 890 1447 Pisonem,
909 1411 1095 1448 generum
1118 1412 1266 1446 meum,
1286 1398 1516 1444 nominaret,
1536 1397 1601 1447 qui

275 1466 314 1503 in
336 1479 490 1503 summa
510 1465 624 1514 copia
645 1464 884 1514 optimorum
906 1464 1220 1502 adulescentium
1243 1464 1322 1514 pari
1347 1463 1599 1510 continentia,
1621 1478 1663 1500 20

276 1531 425 1577 virtute,
450 1531 595 1581 pietate
619 1529 773 1579 reliquit
803 1529 1012 1577 neminem,
1044 1531 1217 1580 itemque
1248 1532 1303 1567 Μ.
1335 1531 1600 1575 Laterensem,

277 1595 478 1634 hominem
501 1595 584 1634 dies
605 1603 724 1644 atque
749 1602 886 1633 noctes
911 1596 960 1633 de
985 1596 1101 1633 laude
1126 1602 1163 1633 et
1191 1595 1242 1633 de
1263 1608 1302 1633 re
1323 1594 1480 1644 publica
1501 1594 1602 1644 cogi-

276 1662 453 1699 tantem?
496 1659 816 1710 promulgarisne,
854 1659 1115 1709 impurissime
1155 1659 1289 1706 hostis,
1330 1658 1602 1709 quaestionem

275 1727 324 1763 de
345 1733 402 1764 tot
423 1725 674 1775 amplissimis
696 1732 733 1763 et
762 1725 903 1763 talibus
926 1724 1025 1772 viris,
1050 1724 1240 1763 indicium
1262 1724 1407 1771 Vettio,
1432 1725 1603 1774 praemia

274 1791 543 1839 amplissima?
573 1789 715 1839 quibus
732 1790 847 1827 rebus
869 1791 1046 1827 omnium
1065 1789 1287 1828 mortalium
1305 1803 1385 1827 non
1403 1791 1603 1828 voluntate
1623 1805 1662 1837 25

276 1856 344 1893 sed
375 1854 555 1893 convicio
585 1854 809 1904 repudiatis,
839 1855 1047 1904 fregerisne
1078 1855 1116 1892 in
1147 1867 1300 1893 carcere
1330 1853 1500 1892 cervices
1530 1853 1603 1903 ipsi

277 1919 330 1956 illi
351 1919 495 1966 Vettio,
520 1932 570 1957 ne
591 1920 699 1968 quod
722 1918 911 1957 indicium
929 1920 1099 1968 corrupti
1116 1918 1237 1957 indici
1259 1926 1425 1957 exstaret
1441 1918 1604 1968 eiusque

277 1984 431 2023 sceleris
452 1984 491 2022 in
513 1992 550 2023 te
571 1984 698 2034 ipsum
721 1985 898 2034 quaestio
922 1985 1184 2034 flagitaretur?

332 2052 382 2087 Et
404 2049 590 2099 quoniam
613 2050 750 2088 crebro
771 2063 934 2099 usurpas
955 2051 1081 2099 legem
1107 2058 1145 2088 te
1173 2051 1222 2088 de
1249 2050 1406 2089 alternis
1431 2049 1604 2088 consiliis

277 2114 483 2153 reiciendis
511 2116 656 2161 tulisse,
679 2123 720 2153 ut
745 2127 883 2153 omnes
911 2114 1138 2164 intellegant
1168 2122 1206 2153 te
1233 2128 1283 2154 ne
1310 2122 1413 2153 recte
1442 2114 1602 2164 quidem
1623 2128 1665 2158 30

277 2181 403 2218 facere
435 2181 517 2217 sine
548 2181 692 2217 scelere
724 2179 909 2228 potuisse,
942 2193 1099 2229 quaero,
1131 2193 1221 2218 cum
1254 2182 1313 2218 lex
1346 2187 1447 2218 esset
1478 2192 1604 2229 aequa

277 2245 521 2294 promulgata
548 2244 659 2282 initio
684 2244 941 2294 magistratus,
965 2246 1106 2284 multas
1134 2245 1210 2283 iam
1238 2245 1331 2283 alias
1357 2245 1520 2292 tulisses,
1545 2257 1605 2283 ex-

320 2359 340 2387 9
365 2349 431 2379 duo
457 2348 540 2378 PG:
572 2349 656 2378 duos
681 2348 788 2379 Sclzol.
817 2349 875 2379 ΒΣ
900 2349 963 2380 rell.
1098 2350 1238 2380 domest.
1267 2350 1375 2380 hostis
1401 2360 1464 2380 om.
1493 2348 1602 2380 Sclzol.

280 2402 317 2421 12
342 2403 406 2430 ego
422 2393 458 2422 ks
563 2402 604 2430 23
629 2392 853 2430 impurissime
871 2392 1011 2423 ΡΒΣῑυς
1037 2393 1114 2432 imp.
1136 2398 1168 2423 et
1185 2393 1414 2431 perditissime
1435 2393 1462 2423 G
1478 2396 1507 2423 et
1517 2392 1600 2432 pler.

279 2436 311 2475 (ᾧ
333 2437 382 2475 ¹9l
473 2445 513 2473 32
538 2436 600 2465 iam
620 2435 774 2466 Psszffl:
799 2436 859 2466 sed
877 2436 939 2466 iam
961 2435 998 2466 G¹
1018 2446 1024 2466 z
1049 2437 1146 2466 etiam
1166 2436 1215 2466 b'2s
