1774 2782
122 537 140 569 5

101 861 137 882 10

97 1513 138 1535 20

96 1837 134 1868 25

499 149 608 187 PRO
642 150 681 185 P.
713 146 905 185 SESTIO
937 147 1154 185 ORATIO
1449 156 1485 182 11

163 259 393 298 memoriam
425 259 651 297 consulatus
683 256 769 304 mei,
802 270 892 294 cum
923 257 1020 294 flens
1050 255 1253 294 universus
1283 256 1381 293 ordo
1411 257 1486 293 cin-

161 318 585 363 cinnatum‘consulem
599 323 734 361 orabat
750 337 759 369 ;
787 336 876 360 nam
893 323 989 360 alter
1002 321 1065 359 ille
1081 320 1261 359 horridus
1278 329 1315 358 et
1331 334 1487 359 severus

161 390 343 427 consulto
372 402 414 427 se
441 387 549 427 domi
579 386 819 425 continebat.
880 388 970 434 Qua
997 393 1080 423 tum
1111 384 1294 434 superbia
1320 397 1485 422 caenum

161 453 257 493 illud
289 467 334 492 ac
368 454 475 491 labes
507 451 737 502 amplissimi
771 450 919 489 ordinis
951 464 1086 500 preces
1116 457 1154 488 et
1184 449 1484 488 clarissimorum

161 517 304 556 civium
326 519 503 556 lacrimas
524 515 741 567 repudiavit
759 519 765 554 1
797 528 859 553 me
881 517 1008 565 ipsum
1030 523 1071 552 ut
1097 514 1334 564 contempsit
1355 516 1487 553 helluo

161 584 306 634 patriae
324 587 330 622 l
361 597 451 621 nam
473 581 569 632 quid
590 594 663 632 ego
684 580 892 631 patrimoni
916 580 1057 626 dicam,
1076 581 1185 629 quod
1206 579 1270 617 ille
1291 587 1374 617 tum
1395 593 1485 617 cum

160 656 365 698 quaestum
388 649 530 685 faceret
550 645 708 684 amisit?
748 644 919 684 Venistis
935 646 986 683 ad
1003 652 1194 691 senatum,
1212 658 1292 691 VOS,
1311 643 1488 694 inquam,

159 714 310 764 equites
341 712 513 751 Romani
543 719 581 750 et
611 725 751 750 omnes
781 711 875 750 boni
906 718 1014 749 veste
1044 718 1203 757 mutata,
1236 724 1387 760 vosque
1416 723 1486 760 pro

159 792 249 817 meo
279 778 405 828 capite
429 779 479 816 ad
509 778 630 827 pedes
659 777 812 814 lenonis
841 775 1093 826 impurissimi
1123 775 1354 825 proiecistis,
1381 789 1483 821 cum,

158 843 293 883 vestris
314 843 495 894 precibus
512 843 563 880 ab
585 844 735 880 latrone
757 841 824 878 illo
840 842 1065 890 repudiatis,
1084 840 1140 878 vir
1156 840 1376 878 incredibili
1394 841 1482 886 fide,

158 907 428 958 magnitudine
455 907 586 953 animi,
616 905 849 952 constantia,
874 907 917 943 L.
942 906 1124 953 Ninnius,
1148 906 1199 943 ad
1226 912 1406 943 senatum
1435 906 1485 943 de

157 987 197 1012 re
230 973 388 1023 publica
421 973 578 1019 rettulit,
617 979 855 1021 senatusque
891 972 1074 1020 frequens
1109 977 1256 1008 vestem
1292 984 1362 1020 pro
1396 983 1486 1008 mea

156 1040 280 1077 salute
301 1039 530 1076 mutandam
551 1036 714 1075 censuit.

211 1105 247 1143 O
275 1103 380 1142 diem
408 1103 531 1151 illum,
551 1103 716 1149 iudices,
735 1103 934 1140 funestum
963 1101 1115 1140 senatui
1143 1100 1338 1151 bonisque
1361 1100 1483 1139 omni-

155 1169 241 1217 bus,
264 1169 318 1207 rei
339 1169 519 1219 publicae
541 1170 774 1214 luctuosum,
795 1167 889 1204 mihi
910 1168 960 1205 ad
982 1166 1245 1205 domesticum
1267 1179 1482 1204 maerorem

155 1247 323 1283 gravem,
346 1235 396 1272 ad
422 1233 657 1283 posteritatis
687 1232 917 1270 memoriam
944 1233 1182 1282 gloriosum!
1242 1231 1350 1280 Quid
1378 1232 1482 1269 enim

155 1298 363 1349 quisquam
386 1306 514 1348 potest
541 1312 586 1336 ex
611 1297 719 1336 omni
747 1296 937 1335 memoria
965 1310 1118 1335 sumere
1143 1296 1342 1334 inlustrius
1363 1309 1482 1345 quam

155 1377 226 1413 pro
249 1377 329 1402 uno
356 1363 428 1402 civi
450 1371 487 1401 et
507 1363 636 1401 bonos
658 1363 786 1400 omnis
808 1361 957 1411 privato
981 1374 1178 1399 consensu
1200 1368 1238 1399 et
1259 1362 1483 1398 universum

156 1436 335 1467 senatum
363 1429 524 1478 publico
550 1428 716 1466 consilio
745 1434 917 1464 mutasse
942 1428 1120 1464 vestem?
1178 1427 1292 1474 Quae
1322 1425 1483 1475 quidem

156 1503 239 1532 tum
262 1495 427 1531 mutatio
452 1507 532 1531 non
560 1491 848 1542 deprecationis
875 1498 933 1529 est
961 1504 1078 1528 causa
1099 1491 1210 1536 sacta,
1234 1491 1303 1528 sed
1333 1491 1482 1527 luctus:

155 1572 275 1609 quem
292 1558 396 1597 enim
411 1559 674 1608 deprecarere,
689 1570 780 1595 cum
794 1569 933 1594 omnes
948 1564 1079 1594 essent
1096 1556 1294 1601 sordidati,
1312 1568 1482 1604 cumque

155 1625 232 1661 hoc
259 1624 351 1661 satis
378 1630 479 1660 esset
506 1623 604 1672 signi
630 1635 714 1660 esse
742 1621 978 1672 improbum,
1003 1620 1069 1670 qui
1098 1628 1246 1658 mutata
1268 1627 1374 1658 veste
1401 1633 1482 1657 non

155 1690 286 1726 esset?
344 1689 434 1726 Hac
462 1688 679 1725 mutatione
701 1686 816 1725 vestis
845 1687 945 1724 facta
973 1693 1082 1724 tanto
1111 1685 1149 1722 in
1170 1686 1278 1722 luctu
1303 1684 1480 1730 civitatis,

154 1753 294 1791 omitto
315 1753 410 1802 quid
428 1753 491 1791 ille
512 1752 692 1790 tribunus
708 1752 887 1789 omnium
909 1764 1037 1789 rerum
1054 1751 1274 1788 divinarum
1296 1751 1482 1786 humana-

155 1831 320 1867 rumque
342 1819 489 1867 praedo
506 1818 648 1864 fecerit,
668 1818 735 1866 qui
755 1817 896 1854 adesse
917 1815 1185 1854 nobilissimos
1205 1814 1480 1860 adulescentis,

156 1882 454 1920 honestissimos
485 1883 636 1932 equites
663 1884 879 1928 Romanos,
903 1882 1177 1931 deprecatores
1208 1881 1340 1918 salutis
1371 1893 1482 1917 meae

155 1949 318 1995 iusserit,
350 1961 498 1997 eosque
530 1960 735 1996 operarum
767 1960 924 1985 suarum
951 1946 1090 1996 gladiis
1121 1954 1159 1984 et
1189 1945 1386 1995 lapidibus
1416 1945 1482 1983 ob-

154 2013 310 2051 iecerit:
340 2014 391 2051 de
411 2012 641 2051 consulibus
662 2014 812 2062 loquor,
837 2024 1004 2062 quorum
1034 2012 1112 2049 fide
1140 2024 1199 2049 res
1226 2010 1384 2060 publica
1411 2011 1481 2047 niti

200 2128 213 2148 1
241 2117 434 2148 memoriam
452 2117 638 2157 Angelius:
664 2127 716 2147 me
734 2115 820 2147 codd.
955 2117 975 2145 6
1000 2120 1067 2145 tum
1087 2125 1159 2145 cum
1178 2119 1352 2154 quaestum
1371 2114 1459 2144 Fau(
1476 2125 1482 2143 :

153 2167 222 2192 tum
240 2166 483 2200 quaquaestum
501 2161 544 2190 ΡΙ
559 2173 565 2191 :
592 2166 661 2191 tum
678 2162 780 2200 (cum)
797 2159 890 2199 quasi
905 2164 1079 2199 quaestum
1094 2159 1157 2189 rell.
1177 2170 1183 2188 :
1209 2163 1315 2188 totum
1329 2158 1482 2195 quamvis

153 2210 329 2244 quaestum
348 2204 455 2234 Halm
589 2214 605 2242 7
631 2204 781 2234 Venistis
799 2203 906 2233 blalm
923 2214 928 2232 :
954 2203 1102 2233 venisset
1120 2201 1208 2232 codd.
1342 2202 1361 2230 8
1387 2206 1481 2231 veste

154 2253 280 2278 mutata
297 2247 342 2277 P²
359 2247 423 2278 rell.
439 2251 565 2287 practer
583 2248 610 2278 G
629 2262 630 2268 =
645 2252 774 2277 vestem
789 2246 954 2285 mutastis)
1105 2256 1125 2284 9
1150 2245 1348 2285 proiecistis.
1396 2244 1481 2273 Tum

154 2291 263 2322 Halm
358 2292 394 2320 18
420 2291 501 2329 priv.
515 2300 681 2321 consensu
693 2290 752 2320 etl.
772 2300 810 2329 19
823 2290 911 2328 publ.
928 2288 1070 2320 consilio
1081 2300 1146 2319 om.
1162 2288 1268 2318 Sclzol.
1362 2298 1404 2317 20
1429 2292 1482 2318 est

155 2345 255 2365 causa
272 2334 358 2364 sacta
377 2338 414 2364 ut
430 2345 458 2363 w
475 2334 520 2363 ira
537 2334 627 2364 ΡΒΣ
642 2345 648 2363 :
673 2343 773 2364 causa
789 2337 839 2362 est
858 2332 943 2362 sacta
959 2332 1006 2363 ed.
1026 2332 1068 2363 R.
1196 2342 1233 2361 21
1255 2332 1480 2370 deprecarere

154 2379 277 2408 bonum
305 2377 395 2407 l'anl
483 2377 561 2407 boni
589 2386 706 2407 omnes
733 2375 863 2406 Richter
1004 2386 1044 2405 22
1079 2374 1150 2416 qui]
1181 2375 1209 2405 si
1237 2376 1309 2414 quis
1335 2374 1478 2404 Karsten

154 2432 196 2459 23
223 2421 297 2451 Hac
316 2422 370 2460 (ac
394 2419 556 2455 Weidner)
577 2445 583 2451 .
606 2445 611 2450 .
630 2444 637 2450 .
658 2420 743 2449 saeta
759 2419 826 2449 secl.
845 2417 1016 2449 Eberhard

196 2491 259 2511 cxc.
282 2491 348 2510 vizo
365 2490 453 2511 ειεξιτ.
1353 2479 1391 2507 10

1509 149 1548 180 26
