1774 2782
233 168 294 205 IN
326 168 365 204 P.
400 167 686 204 VATINIVM
717 166 939 204 TESTEM
974 166 1409 205 INTERROGATIO
1467 177 1530 215 39

165 276 255 316 dico
293 289 378 315 esse
417 276 511 316 odio
551 276 694 315 civitati
735 290 814 315 non
849 284 926 315 tam
968 284 1035 315 tuo
1070 290 1187 326 quam
1223 277 1275 315 rei
1311 278 1491 328 publicae

165 344 338 381 nomine.

219 409 351 457 Atque
367 414 409 445 ut
424 407 638 457 aliquando
653 407 703 445 ad
721 413 758 445 te
775 406 940 454 veniam,
957 408 1006 446 de
1024 420 1086 446 me
1103 408 1178 445 lioc
1195 407 1241 445 sit
1258 414 1485 446 extremum.
1507 423 1532 459 4

165 471 274 519 Quid
306 471 472 521 quisque
504 479 679 510 nostrum
711 472 760 509 de
790 485 831 509 se
861 471 944 521 ipse
973 474 1164 521 loquatur,
1198 485 1277 510 non
1309 479 1366 510 est
1395 485 1488 510 sane

126 550 142 582 5
164 536 442 585 requirendum
460 552 466 575 :
498 536 592 575 boni
614 536 681 574 viri
702 538 799 585 qm'd
814 538 954 584 dicant,
976 537 1015 575 id
1037 544 1094 575 est
1120 536 1276 574 maximi
1300 536 1488 575 momenti

163 608 201 639 et
228 601 423 650 ponderis.
487 603 579 639 Duo
608 608 697 639 sunt
725 608 901 651 tempora
926 600 1068 651 quibus
1099 609 1321 639 nostrorum
1345 600 1487 639 civium
1513 620 1551 641 ιο

163 673 389 717 spectentur
409 665 552 704 iudicia
580 667 629 704 de
657 665 783 713 nobis,
807 680 928 703 unum
957 666 1130 714 honoris,
1150 667 1312 704 alterum
1342 666 1486 704 salutis.

165 733 308 770 Honos
339 730 404 769 tali
432 731 566 781 populi
599 731 769 769 Romani
798 732 998 769 voluntate
1026 731 1159 781 paucis
1187 739 1244 769 est
1271 731 1422 769 delatus
1443 744 1488 769 ac

163 796 269 843 mihi,
304 797 406 835 salus
440 803 550 834 tanto
584 797 715 834 studio
749 795 913 834 civitatis
950 795 1096 834 nemini
1132 795 1294 834 reddita.
1355 798 1416 834 De
1450 804 1488 835 te

106 879 144 902 10
163 869 294 900 autem
325 860 504 899 homines
535 860 630 910 quid
661 860 831 898 sentiant
860 860 899 898 in
928 862 1077 899 honore
1103 860 1248 911 experti
1280 874 1424 908 sumus,
1449 862 1486 899 in

163 927 287 964 salute
307 933 590 975 exspectamus
649 926 727 964 Sed
748 934 880 964 tamen
901 939 950 964 ne
971 940 1033 964 me
1054 939 1143 964 cum
1166 925 1225 964 his
1246 925 1486 975 principibus

162 991 327 1029 civitatis
357 990 423 1040 qui
454 991 597 1029 adsunt
629 992 668 1028 P.
692 990 830 1038 Sestio,
862 992 931 1029 sed
961 999 1003 1029 ut
1033 998 1175 1035 tecum,
1207 1004 1296 1029 cum
1327 990 1487 1029 homine

163 1070 243 1095 uno
265 1069 345 1095 non
367 1056 492 1094 solum
515 1054 859 1104 impudentissimo
878 1058 944 1093 secl
959 1057 1072 1093 etiam
1092 1056 1350 1093 sordidissimo
1369 1063 1486 1105 atque

163 1122 314 1170 infimo,
334 1122 544 1167 conferam,
574 1121 623 1159 de
654 1128 691 1158 te
715 1120 814 1170 ipso,
838 1121 999 1158 homine
1027 1128 1064 1158 et
1093 1119 1418 1170 adrogantissimo
1449 1127 1487 1158 et

105 1206 144 1238 15
163 1186 258 1224 mihi
280 1185 559 1232 inimicissimo,
583 1199 743 1236 quaero,
762 1185 910 1232 Vatini,
929 1193 1058 1223 utrum
1080 1186 1239 1224 tandem
1261 1192 1374 1235 putes
1396 1184 1486 1222 huic

162 1251 318 1299 civitati,
352 1252 442 1289 huic
471 1251 524 1289 rei
555 1250 750 1300 publicae,
779 1250 870 1288 huic
906 1251 1001 1297 urbi,
1034 1251 1093 1288 his
1128 1251 1298 1299 templis)
1326 1250 1483 1296 aerario,

162 1315 302 1363 curiae,
336 1314 424 1353 viris
459 1316 518 1353 his
550 1328 649 1364 quos
678 1316 798 1362 vides,
834 1316 973 1353 horum
1004 1314 1119 1353 bonis
1149 1315 1313 1353 fortunis
1343 1313 1483 1360 liberis,

161 1380 312 1419 civibus
342 1381 490 1426 ceteris,
515 1380 687 1429 denique
717 1380 879 1418 deorum
912 1379 1190 1418 immortalium
1221 1379 1393 1418 delubris
1422 1392 1486 1417 au-

162 1445 292 1495 spiciis
322 1444 573 1495 religionibus
603 1444 741 1483 melius
770 1444 887 1483 fuisse
914 1453 951 1483 et
979 1444 1249 1494 praestabilius
1274 1457 1337 1483 me
1361 1444 1485 1483 civem

105 1531 142 1552 20
162 1510 201 1548 in
231 1512 305 1548 hac
335 1509 489 1547 civitate
520 1508 625 1547 nasci
657 1522 706 1547 an
738 1511 805 1547 te?
862 1511 964 1549 Cum
996 1509 1090 1547 mihi
1121 1511 1197 1548 hoc
1226 1509 1487 1559 responderis,

161 1582 228 1612 aut
259 1573 312 1612 ita
346 1575 595 1624 impudenter
629 1581 671 1611 ut
704 1587 842 1613 manus
871 1587 894 1612 a
923 1582 961 1612 te
991 1575 1171 1613 homines
1200 1574 1263 1612 vix
1291 1574 1485 1613 abstinere

162 1639 327 1690 possint,
347 1646 413 1677 aut
434 1640 486 1677 ita
514 1640 693 1677 dolenter
720 1647 761 1677 ut
788 1639 1002 1689 aliquando
1024 1640 1095 1677 ista
1122 1652 1223 1689 quae
1244 1646 1334 1676 sunt
1355 1640 1486 1677 inflata

162 1711 400 1755 rumpantur,
425 1711 506 1742 tum
530 1704 754 1742 memoriter
775 1706 1012 1754 respondeto
1039 1705 1088 1742 ad
1111 1717 1156 1742 ea
1182 1717 1282 1753 quae
1307 1711 1344 1742 te
1371 1705 1421 1742 de
1448 1711 1486 1742 te

161 1769 247 1819 ipso
268 1782 414 1819 rogaro.
457 1771 588 1819 Atque
610 1768 705 1808 illud
722 1769 1121 1808 tenebricosissimum
1140 1777 1294 1818 tempus
1316 1769 1484 1807 ineuntis

160 1834 298 1873 aetatis
319 1842 408 1872 tuae
429 1834 551 1884 patiar
578 1835 707 1872 latere.
768 1835 878 1873 Licet
906 1834 1066 1884 impune
1087 1847 1154 1884 per
1175 1847 1238 1872 me
1259 1833 1424 1883 parietes
1446 1833 1484 1871 in

160 1899 426 1938 adulescentia
458 1899 682 1949 perfoderis,
716 1899 864 1938 vicinos
896 1900 1128 1950 compilans,
1161 1907 1324 1938 matrem
1355 1900 1485 1938 verbe-

160 1966 276 2003 raris:
316 1965 459 2002 habeat
489 1965 565 2002 hoc
595 1966 741 2014 praemi
773 1972 839 2003 tua
870 1965 1091 2016 indignitas,
1123 1972 1164 2003 ut
1194 1964 1484 2003 adulescentiae

159 2030 361 2079 turpitudo
383 2028 620 2067 obscuritate
641 2037 678 2067 et
699 2030 881 2068 sordibus
902 2030 978 2068 tuis
999 2030 1216 2079 obtegatur.

214 2095 474 2143 Quaesturam
506 2094 634 2144 petisti
665 2108 754 2132 cum
788 2098 830 2134 P.
851 2095 987 2143 Sestio,
1015 2109 1103 2133 cum
1135 2094 1198 2132 hic
1228 2094 1322 2132 nihil
1353 2095 1484 2144 loque-

99 2177 140 2208 30
159 2167 261 2199 retur
292 2159 363 2197 nisi
394 2161 502 2209 quod
531 2161 681 2210 agebat,
707 2167 747 2198 tu
778 2161 828 2199 de
857 2163 978 2199 altero
1008 2162 1213 2199 consulatu
1243 2161 1415 2211 gerendo
1446 2168 1482 2199 te

1504 1751 1527 1789 5

1510 1813 1542 1834 11

201 2273 219 2302 5
244 2263 323 2303 quid
341 2264 454 2295 dicant
471 2265 603 2304 scm‘pst':
633 2264 779 2294 iudicent
797 2264 883 2294 codd.
914 2264 1020 2295 (Vcrr.
1040 2265 1085 2303 iii,
1105 2267 1119 2300 ξ
1138 2266 1173 2302 3Ὶ
1191 2276 1197 2294 :
1229 2265 1307 2302 quid
1334 2264 1483 2294 iudicent

157 2307 236 2338 coni.
251 2306 384 2345 Jordan
487 2309 506 2337 8
533 2308 588 2338 tali
607 2307 652 2338 ed.
670 2307 814 2346 Hervag.
834 2319 839 2338 z
865 2308 940 2338 talis
953 2307 1039 2338 codd.
1159 2318 1194 2337 12
1221 2318 1292 2338 cum
1313 2318 1376 2337 om.
1398 2307 1483 2338 1le

161 2361 198 2389 13
215 2351 275 2380 sed
288 2351 387 2381 etiam
400 2351 634 2381 sordidissimo
645 2349 927 2391 addt'dt'(deLegg.
943 2351 987 2389 iii,
1002 2353 1016 2387 ξ
1030 2352 1100 2390 202:
1120 2352 1180 2381 sed
1193 2351 1481 2389 contemptissimo

156 2393 269 2424 Madv.
347 2394 450 2424 Verba
465 2400 565 2433 atque
583 2395 699 2424 infimo
714 2418 720 2424 .
738 2418 744 2424 .
762 2417 768 2424 .
785 2394 1065 2432 abrogantissimo
1084 2394 1157 2435 (sic)
1175 2394 1278 2434 suppl.
1300 2394 1332 2423 1'11
1353 2405 1419 2433 mg.
1438 2393 1482 2423 12²

157 2446 196 2475 23
222 2442 254 2466 te
274 2437 363 2477 (ante
379 2438 435 2477 de)
455 2437 569 2468 PGE:
593 2448 657 2468 om.
677 2436 811 2467 le-lks
909 2447 949 2476 25
975 2443 1051 2467 tuae
1070 2448 1135 2468 om.
1156 2437 1196 2467 P¹
1261 2438 1292 2467 in
1311 2438 1397 2467 adul.
1413 2437 1479 2467 secl.

156 2480 246 2510 Bake
361 2491 399 2519 27
428 2486 461 2510 ut
479 2491 544 2511 om.
566 2480 672 2511 schol.
781 2482 820 2511 28
847 2482 912 2511 tuis
929 2492 998 2511 om.
1016 2481 1122 2512 Scltol.
1145 2481 1256 2512 Madv.
1276 2493 1280 2510 :
1306 2481 1374 2511 suis
1393 2481 1482 2510 Bake
