1774 2782
223 138 272 173 28
297 149 335 183 7³
659 135 715 172 M.
746 134 911 170 TVLLI
945 132 1252 172 CICERONIS

293 246 331 282 in
349 246 456 282 terris
478 257 689 283 commune
711 249 861 280 tantum
884 242 1130 279 tantulumve
1155 241 1373 287 consilium,
1399 243 1506 290 quod
1536 255 1614 280 non

292 311 341 347 de
373 309 468 347 meis
499 310 613 347 rebus
644 307 761 357 gestis
792 321 837 346 ea
867 320 967 355 quae
999 305 1093 342 mihi
1125 314 1254 344 essent
1296 306 1538 356 optatissima
1578 316 1615 344 et

292 375 551 424 pulcherrima
571 372 781 411 iudicarit?
836 373 1043 409 Summum
1066 378 1124 408 est
1146 371 1279 421 populi
1305 371 1474 409 Romani
1498 385 1617 421 popu-

294 441 500 488 lorumque
523 446 560 477 et
584 437 760 488 gentium
781 436 958 475 omnium
982 449 1028 474 ac
1047 450 1182 486 regum
1205 436 1412 474 consilium
1434 444 1614 474 senatus:

293 504 463 542 decrevit
485 512 527 542 ut
547 517 685 542 omnes
707 502 773 552 qui
796 516 877 540 rem
902 501 1102 551 publicam
1129 503 1273 539 salvam
1297 514 1381 539 esse
1403 502 1546 540 vellent
1565 503 1615 540 ad

293 582 355 606 me
394 582 518 606 unum
557 569 853 607 defendendum
893 568 1081 613 venirent,
1119 566 1371 615 ostenditque
1411 579 1481 604 nec
1515 574 1617 604 stare

294 634 467 684 potuisse
488 647 568 672 rem
586 633 783 684 publicam
807 633 835 669 si
859 645 932 681 ego
954 645 1033 669 non
1052 631 1224 678 fuissem,
1248 644 1320 668 nec
1342 632 1509 668 futuram
1533 645 1617 669 esse

235 707 274 742 74
295 701 412 737 ullam
443 699 473 737 si
505 712 583 737 non
614 698 812 736 redissem.
875 696 1078 734 Proximus
1108 704 1167 734 est
1197 696 1288 733 huic
1319 695 1498 745 dignitati
1520 697 1618 734 ordo

294 772 495 813 equester:
537 777 674 801 omnes
705 763 882 800 omnium
914 762 1162 811 publicorum
1193 762 1401 799 societates
1440 762 1490 799 de
1530 775 1619 799 meo

293 830 498 866 consulatu
519 842 565 866 ac
586 829 635 866 de
657 827 752 865 meis
775 827 890 865 rebus
911 827 1030 876 gestis
1051 826 1292 876 amplissima
1319 834 1439 877 atque
1459 828 1619 865 ornatis-

293 895 389 931 sima
410 894 566 932 decreta
587 894 773 931 fecerunt.
831 892 1000 939 Scribae,
1025 893 1091 942 qui
1113 892 1321 930 nobiscum
1343 891 1383 929 in
1400 892 1620 930 rationibus

294 958 640 1008 monumentisque
668 957 834 1008 publicis
862 965 1074 1003 versantur,
1098 971 1177 995 non
1205 958 1417 996 obscurum
1447 959 1496 996 de
1522 958 1619 996 meis

294 1023 331 1060 in
349 1037 429 1062 rem
443 1023 642 1072 publicam
665 1022 865 1061 beneficiis
888 1036 1002 1060 suum
1024 1022 1213 1060 iudicium
1233 1024 1518 1073 decretumque
1534 1037 1620 1061 esse

293 1090 508 1126 voluerunt.
570 1089 733 1126 Nullum
755 1096 811 1126 est
834 1089 871 1125 in
894 1089 967 1125 hac
989 1088 1084 1125 urbe
1102 1087 1336 1137 conlegium,
1360 1087 1456 1125 nulli
1480 1089 1618 1138 pagani

293 1162 358 1192 aut
380 1153 566 1200 montani,
583 1153 770 1203 quoniam
793 1152 922 1203 plebei
945 1166 1105 1202 quoque
1126 1153 1298 1191 urbanae
1315 1152 1482 1191 maiores
1498 1153 1619 1191 nostri

294 1218 568 1256 conventicula
594 1226 631 1256 et
656 1218 766 1268 quasi
795 1217 962 1256 concilia
988 1219 1183 1267 quaedam
1206 1232 1291 1256 esse
1313 1220 1529 1264 voluerunt,
1553 1219 1619 1268 qui

296 1297 374 1321 non
414 1283 655 1333 amplissime
697 1297 776 1321 non
809 1284 931 1321 modo
961 1284 1011 1321 de
1041 1284 1165 1321 salute
1195 1296 1283 1321 mea
1312 1285 1381 1321 sed
1412 1284 1529 1322 etiam
1571 1286 1621 1323 de

257 1387 270 1396 ι
295 1348 483 1398 dignitate
522 1349 775 1386 decreverint.
839 1350 941 1386 Nam
983 1348 1078 1398 quid
1117 1362 1190 1398 ego
1228 1348 1293 1386 illa
1332 1349 1464 1388 divina
1502 1357 1621 1400 atque

296 1413 529 1451 immortalia
560 1414 865 1463 municipiorum
898 1421 934 1451 et
967 1413 1211 1451 coloniarum
1243 1421 1280 1451 et
1320 1415 1442 1452 totius
1486 1416 1620 1454 Italiae

295 1480 450 1516 decreta
464 1492 783 1525 commemorem,
801 1478 944 1528 quibus
959 1487 1159 1528 tamquam
1176 1479 1361 1528 gradibus
1379 1479 1473 1517 mihi
1486 1480 1621 1518 videor

296 1543 333 1581 in
350 1544 501 1581 caelum
523 1543 758 1589 ascendisse,
774 1557 853 1581 non
877 1545 1004 1581 solum
1028 1543 1065 1581 in
1088 1545 1250 1594 patriam
1269 1545 1501 1583 revertisse?
1550 1547 1621 1583 Ille

295 1622 386 1646 vero
406 1608 490 1646 dies
511 1607 578 1657 qui
600 1607 670 1645 fuit
692 1622 782 1646 cum
812 1616 859 1655 te,
886 1611 925 1646 P.
952 1610 1129 1655 Lentule,
1153 1610 1278 1658 legem
1305 1611 1356 1648 de
1385 1624 1447 1648 me
1475 1611 1621 1648 ferente

296 1674 464 1723 populus
496 1675 701 1711 Romanus
731 1672 814 1722 ipse
844 1673 941 1711 vidit
972 1674 1174 1724 sensitque
1207 1682 1377 1724 quantus
1408 1684 1445 1713 et
1476 1683 1623 1725 quanta

296 1738 484 1788 dignitate
513 1741 637 1776 esset!
709 1740 875 1778 Constat
919 1739 1025 1777 enim
1068 1739 1182 1777 nullis
1223 1754 1412 1790 umquam
1453 1741 1621 1779 comitiis

297 1817 480 1852 campum
510 1803 695 1841 Martium
725 1812 832 1841 tanta
857 1804 1095 1851 celebritate,
1119 1813 1228 1843 tanto
1255 1807 1466 1855 splendore
1492 1808 1621 1844 omnis

296 1867 448 1917 generis
464 1868 668 1906 hominum
685 1876 858 1906 aetatum
876 1869 1061 1907 ordinum
1079 1870 1266 1908 floruisse.
1326 1871 1480 1910 Omitto
1493 1871 1622 1909 civita-

297 1934 405 1978 tium,
438 1933 653 1979 nationum,
686 1934 986 1983 provinciarum,
1025 1949 1170 1985 regum,
1202 1935 1308 1974 orbis
1342 1936 1514 1986 denique
1553 1945 1622 1975 ter-

298 2011 424 2035 rarum
455 1999 504 2036 de
535 1998 630 2036 meis
660 1998 699 2035 in
730 1999 859 2037 omnis
891 2000 1064 2038 mortalis
1096 2000 1241 2038 meritis
1279 2015 1402 2039 unum
1434 2001 1621 2040 iudicium

298 2076 499 2111 unumque
541 2077 776 2101 consensum
802 2081 808 2103 :
850 2066 1043 2103 adventus
1075 2079 1185 2103 meus
1214 2074 1333 2115 atque
1363 2066 1543 2105 introitus
1584 2066 1622 2104 in

298 2127 434 2165 urbem
466 2127 529 2177 qui
562 2128 663 2166 fuit?
734 2131 874 2166 Vtrum
906 2143 969 2167 me
1000 2130 1121 2179 patria
1152 2131 1206 2168 sic
1241 2131 1392 2181 accepit
1423 2139 1464 2169 ut
1495 2133 1623 2170 lucem

299 2193 544 2241 salutemque
568 2194 762 2231 redditam
791 2193 863 2232 sibi
892 2209 937 2232 ac
967 2197 1184 2233 restitutam
1205 2195 1382 2245 accipere
1402 2196 1550 2242 debuit,
1574 2211 1624 2234 an

300 2264 340 2294 ut
361 2257 559 2295 crudelem
589 2265 808 2307 tyrannum,
833 2259 944 2308 quod
966 2272 1037 2298 vos
1067 2260 1260 2299 Catilinae
1286 2262 1459 2310 gregales
1485 2263 1534 2299 de
1562 2276 1624 2299 me

345 2370 356 2389 1
377 2361 555 2391 concilium
565 2361 677 2393 Madv.
771 2374 789 2401 4
808 2374 846 2394 ac
858 2364 897 2393 bk
907 2364 960 2394 all.
973 2369 1000 2394 ct
1010 2365 1117 2396 adds.
1132 2365 1150 2396 l.
1164 2377 1217 2396 rec.
1229 2376 1317 2395 man.
1328 2365 1359 2394 in
1371 2365 1403 2394 P
1482 2366 1500 2395 8
1518 2365 1622 2403 digni-

300 2409 367 2433 tate
388 2404 529 2434 Karsten
675 2416 714 2444 23
740 2407 811 2445 ipse
832 2418 869 2438 se
890 2408 971 2438 vidit
989 2408 1137 2439 Fac'b'ntts
1281 2419 1319 2446 24
1346 2414 1437 2438 esset
1454 2408 1622 2438 Fae'rnus:

300 2458 406 2477 essem
422 2448 509 2477 codd.

1642 845 1680 867 10

1643 1170 1679 1201 Ι5

1643 1496 1682 1517 20

1644 1821 1682 1850 25

1645 2146 1684 2176 30
