1774 2782
234 153 256 190 3

230 755 255 790 4

236 824 250 835 ks

280 156 295 188 7
645 141 701 177 M.
732 139 899 175 TVLLI
932 136 1236 175 CICERONIS

277 251 364 289 simi
393 250 565 289 consulis
594 249 708 287 fascis
739 250 891 293 fractos,
920 244 1119 283 fortissimi
1149 252 1266 294 atque
1294 243 1432 294 optimi
1457 243 1601 282 tribuni

277 315 401 365 plebis
424 313 713 353 sanctissimum
742 324 883 360 corpus
911 323 991 348 non
1019 316 1167 347 tactum
1194 322 1240 346 ac
1261 308 1447 346 violatum
1471 322 1598 360 mariq

276 382 345 419 sed
377 381 622 417 vulneratum
658 377 757 414 ferro
793 376 1099 423 confectumque
1130 372 1291 411 vidistis
1353 374 1443 421 Qua
1477 381 1601 423 strage

276 458 356 482 non
386 443 480 481 nulli
508 441 675 493 permoti
702 440 947 490 magistratus
976 438 1114 488 partim
1148 445 1254 476 metu
1286 437 1431 486 mortis,
1461 440 1600 488 partim

276 509 549 560 desperatione
570 507 624 546 rei
645 506 826 557 publicae
848 506 1050 555 paululum
1065 518 1087 541 a
1102 517 1189 542 mea
1203 517 1320 541 causa
1341 512 1599 543 recesserunt:
1622 520 1638 551 5

276 574 413 624 reliqui
430 576 584 612 fuerunt
601 586 700 622 quos
718 584 846 620 neque
864 578 984 608 terror
1000 583 1072 607 nec
1089 569 1156 615 vis,
1176 582 1248 607 nec
1265 582 1353 618 spes
1370 582 1443 607 nec
1460 576 1598 616 metus,

276 653 349 678 nec
370 639 562 689 promissa
582 651 655 675 nec
679 636 818 682 minae,
842 648 915 673 nec
936 636 1012 672 tela
1033 647 1106 672 nec
1127 635 1230 671 faces
1250 648 1272 672 a
1293 642 1419 672 vestra
1438 634 1600 672 auctori-

277 711 365 751 tate,
381 718 404 742 a
420 703 554 754 populi
572 700 741 740 Romani
760 700 959 750 dignitate,
978 713 1000 736 a
1015 712 1101 737 mea
1117 700 1241 736 salute
1255 700 1506 749 depellerent.

331 768 516 818 Princeps
548 770 588 805 P.
619 767 819 811 Lentulus,
851 778 990 814 parens
1017 778 1062 802 ac
1090 765 1187 801 deus
1219 772 1373 802 nostrae
1400 764 1501 803 vitae
1529 767 1600 804 for-

276 842 394 873 tunae
407 833 619 872 memoriae
633 831 813 877 nominis‚
831 832 906 868 hoc
920 830 1121 879 specimen
1139 829 1299 877 virtutis,
1316 830 1392 867 hoc
1409 829 1597 869 indicium
1622 847 1659 869 10

274 899 406 945 animi,
431 900 505 937 hoc
530 900 663 936 lumen
691 898 917 935 consulatus
939 895 997 933 sui
1019 896 1100 933 fore
1121 894 1281 944 putavit,
1306 894 1335 932 si
1358 909 1420 933 me
1438 895 1543 942 mihi,
1567 896 1598 933 si

275 963 382 1011 meis,
407 963 436 1001 si
458 963 582 1010 vobis,
604 962 633 1000 si
656 962 707 1000 rei
730 961 911 1011 publicae
933 960 1178 998 reddidisset.
1241 959 1320 1008 Qui
1348 968 1389 998 ut
1416 968 1474 998 est
1500 960 1598 999 desi-

272 1037 422 1078 gnatus,
443 1041 660 1078 numquam
677 1026 870 1065 dubitavit
892 1025 1126 1064 sententiam
1145 1026 1195 1063 de
1209 1026 1332 1063 salute
1350 1039 1436 1063 mea
1450 1039 1490 1063 se
1507 1033 1544 1064 et
1558 1040 1597 1064 re

272 1094 429 1143 publica
451 1093 609 1143 dignam
630 1093 783 1130 dicere:
815 1105 905 1129 cum
921 1104 944 1128 a
960 1091 1118 1129 tribuno
1140 1091 1265 1140 plebis
1282 1098 1486 1138 vetaretur,
1506 1105 1595 1129 curn

271 1160 511 1208 praeclarum
533 1165 651 1207 caput
672 1156 895 1194 recitaretur
917 1170 966 1194 ne
988 1156 1074 1206 quis
1095 1157 1145 1194 ad
1163 1170 1231 1194 vos
1252 1158 1419 1203 referret,
1439 1170 1487 1195 ne
1508 1157 1594 1206 quis
1619 1170 1653 1202 15

270 1225 507 1270 decerneret,
530 1237 579 1261 ne
600 1223 830 1272 disputaret,
851 1236 900 1259 ne
925 1224 1159 1271 loqueretur,
1182 1236 1232 1259 ne
1253 1222 1421 1272 pedibus
1442 1222 1522 1268 iret,
1546 1236 1595 1260 ne

269 1288 479 1326 scribendo
506 1290 672 1334 adesset,
695 1295 817 1325 totam
841 1287 956 1332 illam,
981 1295 1022 1324 ut
1043 1295 1135 1325 ante
1156 1288 1245 1334 dixi,
1269 1287 1595 1338 proscriptionem

269 1367 348 1391 non
370 1355 495 1403 legem
517 1352 676 1403 putavit,
701 1366 779 1402 qua
807 1352 899 1390 civis
930 1353 1078 1402 optime
1106 1354 1155 1391 de
1184 1367 1223 1391 re
1251 1354 1408 1403 publica
1436 1353 1595 1392 meritus

269 1417 503 1456 nominatim
531 1417 614 1455 sine
642 1417 788 1455 iudicio
816 1432 893 1455 una
920 1431 1010 1455 cum
1040 1426 1176 1456 senatu
1204 1418 1257 1456 rei
1285 1418 1466 1468 publicae
1493 1427 1594 1457 esset

268 1490 435 1532 ereptus.
494 1485 546 1520 Vt
573 1496 664 1520 vero
695 1482 777 1519 iniit
810 1484 1087 1532 magistratum,
1121 1497 1201 1521 non
1232 1484 1361 1522 dicam
1392 1484 1487 1534 quid
1517 1484 1593 1534 egit
1616 1498 1655 1520 20

268 1548 384 1597 prius,
394 1549 463 1586 sed
473 1547 568 1597 quid
582 1547 745 1585 omnino
757 1547 833 1597 egit
846 1549 953 1586 aliud
969 1548 1040 1586 nisi
1056 1556 1097 1586 ut
1112 1563 1174 1587 me
1188 1557 1592 1588 conservatovestram

268 1613 306 1650 in
322 1621 522 1663 posterum
537 1612 767 1662 dignitatem
782 1613 1137 1664 auctoritatemque
1153 1614 1350 1653 sanciret?
1372 1614 1422 1652 Di
1438 1614 1593 1653 immor-

268 1680 374 1725 tales,
398 1686 588 1728 quantum
611 1678 705 1716 mihi
728 1679 965 1717 beneficium
988 1680 1145 1718 dedisse
1165 1680 1363 1727 videmini,
1388 1682 1495 1730 quod
1517 1681 1592 1719 hoe

266 1758 371 1782 anno
394 1746 434 1782 P.
460 1746 648 1782 Lentulus
670 1746 807 1782 consul
821 1746 963 1795 populi
979 1747 1155 1783 Romam·
1171 1746 1265 1784 fuit!
1296 1754 1445 1795 quanto
1467 1747 1591 1783 maius

266 1809 473 1848 dedissetis
503 1810 534 1848 si
566 1811 763 1860 superiore
793 1824 899 1849 anno
930 1811 1087 1849 fuisset!
1149 1813 1234 1849 Nec
1265 1811 1369 1849 enim
1396 1811 1590 1861 eguissem
1613 1826 1651 1858 25

271 1875 467 1913 medicina
488 1876 692 1923 consulari,
712 1876 785 1914 nisi
809 1876 1004 1914 consulari
1022 1878 1182 1915 vulnere
1203 1876 1476 1915 concidissem.
1514 1879 1591 1915 Au-

267 1940 413 1978 dieram
437 1954 483 1978 ex
506 1941 796 1990 sapientissimo
823 1941 984 1979 homine
1011 1949 1130 1992 atque
1158 1942 1309 1992 optimo
1337 1941 1410 1979 civi
1438 1949 1475 1980 et
1495 1941 1588 1989 viro,

265 2007 313 2052 Q.
338 2006 491 2052 Catulo,
516 2019 595 2043 non
619 2020 736 2057 saepe
759 2021 882 2044 unum
910 2009 1115 2045 consulem
1139 2008 1374 2057 improbum,
1398 2008 1478 2045 duo
1498 2020 1590 2045 vero

265 2083 480 2119 numquam
496 2080 660 2121 excepto
679 2072 745 2109 illo
761 2072 947 2110 Cinnano
965 2080 1142 2123 tempore
1160 2073 1296 2120 fuisse,
1316 2086 1394 2122 qua
1407 2086 1447 2110 re
1462 2086 1589 2110 meam

264 2148 421 2172 causam
439 2149 590 2185 semper
605 2138 686 2174 fore
702 2136 964 2174 firmissimam
981 2139 1111 2176 dicere
1128 2139 1290 2186 solebat,
1306 2139 1401 2176 dum
1414 2140 1474 2176 vel
1489 2152 1590 2176 unus
1610 2153 1650 2183 30

306 2248 349 2268 20
373 2238 482 2277 egerit
500 2238 595 2268 kus
695 2250 735 2277 24
762 2250 791 2279 p.
814 2240 856 2270 R.
876 2240 937 2270 fuit
954 2241 1085 2281 scripsi:
1113 2242 1234 2281 prefuit
1246 2253 1271 2273 s.
1292 2242 1310 2274 l.
1331 2242 1392 2278 Hc,
1411 2247 1440 2272 et
1455 2242 1499 2272 ila
1512 2241 1589 2273 bks:

262 2292 329 2311 om.
346 2281 379 2311 P
393 2281 457 2311 rell.
475 2293 482 2311 ε
507 2282 568 2312 suit
587 2282 762 2313 Manutius
778 2294 783 2313 :
809 2288 861 2313 est
878 2295 892 2313 ε
974 2285 1114 2325 quanto]
1134 2295 1199 2324 quo
1213 2290 1339 2324 quanto
1355 2286 1461 2323 kus,
1480 2285 1526 2315 ed.
1543 2285 1585 2318 R.

263 2325 305 2354 28
322 2324 387 2355 duo
398 2324 512 2355 P1H:
531 2326 613 2356 duos
637 2325 715 2357 B‘a't
863 2338 905 2366 29
929 2338 1109 2367 numquam
1125 2333 1200 2367 post
1220 2329 1360 2359 Romam
1373 2329 1541 2359 conditam
1561 2341 1585 2368 ε,

264 2367 392 2406 Kayser
497 2369 641 2399 cinnano
658 2381 671 2399 ε
688 2381 695 2399 2
717 2379 878 2408 germano
894 2371 939 2400 Pl
962 2370 1049 2411 (dein
1069 2371 1129 2402 del.
1147 2382 1153 2401 :
1177 2381 1241 2403 om.
1266 2372 1325 2412 Bt)
1342 2383 1348 2402 ε
1374 2372 1533 2402 cesonino
1554 2372 1589 2402 in

265 2422 332 2451 mg.
354 2410 447 2443 PG‘?
468 2412 543 2453 <-ini
562 2413 632 2452 Hs)
