1774 2782
143 854 180 875 10

142 1507 181 1528 20

256 147 316 184 IN
349 148 388 183 P.
422 147 709 183 VATINIVM
741 146 964 184 TESTEM
998 145 1436 184 INTERROGATIO
1494 154 1521 191 9

201 254 356 305 putaris,
381 255 447 305 qui
477 257 680 294 consulem
711 255 824 294 morti
855 254 1056 301 obieceris,
1084 253 1277 292 inclusum
1308 254 1520 302 obsederis,

200 321 399 358 extrahere
420 333 466 358 ex
486 321 564 358 suis
586 321 696 358 tectis
713 327 876 358 conatus
898 320 958 366 sis,
983 318 1048 368 qui
1071 320 1110 356 in
1131 332 1178 357 eo
1200 318 1424 369 magistratu
1442 333 1520 356 non

200 386 305 422 modo
335 386 536 423 emerseris
567 399 613 423 ex
643 384 906 431 mendicitate,
930 385 999 422 sed
1029 383 1145 422 etiam
1173 383 1316 422 divitiis
1343 397 1415 422 nos
1442 383 1519 421 iam

200 449 275 487 tuis
297 450 468 487 terreas?
498 448 666 487 fuerisne
694 456 800 487 tanta
828 448 1057 487 crudelitate
1085 456 1126 487 ut
1154 449 1328 487 delectos
1355 448 1456 487 viros
1483 456 1520 487 et

200 515 394 564 principes
422 514 586 552 civitatis
615 516 750 553 tollere
778 522 815 552 et
845 515 976 553 delere
1003 522 1068 552 tua
1090 513 1289 564 rogatione
1314 514 1519 561 conareris,

200 592 291 616 cum
314 581 356 616 L.
378 579 567 626 Vettium,
591 578 658 629 qui
685 578 726 617 in
753 587 890 617 senatu
917 580 1119 618 confessus
1147 586 1249 617 esset
1270 592 1310 617 se
1331 593 1422 616 cum
1443 580 1521 617 telo

200 644 328 691 fuisse,
352 652 518 683 mortem
540 645 614 685 Cn.
638 645 839 695 Pompeio,
865 658 1020 683 summo
1042 652 1080 682 et
1100 644 1314 682 clarissimo
1335 645 1420 691 civi,
1444 646 1522 682 suis

200 710 382 747 manibus
403 711 539 748 offerre
559 709 739 756 voluisse,
766 709 805 747 in
833 709 1061 748 contionem
1087 708 1326 759 produxeris,
1351 708 1521 747 indicem

200 774 239 811 in
269 774 414 821 rostris,
443 773 483 811 in
515 775 595 822 illo,
626 773 797 824 inquam,
830 782 1018 824 augurato
1052 775 1200 823 templo
1231 788 1277 812 ac
1311 775 1400 812 loco
1432 787 1522 812 con-

200 837 348 885 locaris,
383 851 463 888 quo
497 838 736 877 auctoritatis
772 839 1036 888 exquirendae
1068 852 1186 876 causa
1224 840 1341 877 ceteri
1375 838 1521 877 tribuni

198 902 324 953 plebis
354 902 549 953 principes
579 902 743 942 civitatis
771 904 989 953 producere
1017 904 1285 941 consuerunt?
1322 902 1375 941 ibi
1403 910 1444 941 tu
1468 902 1523 940 in-

199 967 329 1007 dicem
345 968 523 1006 Vettium
543 967 716 1017 linguam
737 975 776 1006 et
797 980 935 1006 vocem
957 981 1068 1005 suam
1084 967 1219 1005 sceleri
1240 975 1278 1006 et
1298 968 1521 1006 dementiae

199 1040 290 1071 tuae
305 1033 493 1082 praebere
513 1032 681 1071 voluisti.
734 1032 937 1070 Dixeritne
951 1034 995 1070 L.
1011 1031 1166 1070 Vettius
1187 1032 1227 1070 in
1248 1031 1434 1070 contione
1454 1038 1523 1069 tua

199 1105 356 1146 rogatus
375 1111 398 1135 a
419 1105 456 1136 te
483 1110 569 1136 sese
594 1105 773 1136 auctores
801 1105 838 1136 et
865 1097 1097 1147 impulsores
1125 1105 1162 1136 et
1189 1098 1317 1135 socios
1337 1096 1522 1135 habuisse

201 1161 355 1200 sceleris
384 1162 486 1201 illius
516 1176 582 1201 eos
612 1162 724 1210 viros,
755 1163 898 1213 quibus
923 1177 944 1201 e
971 1162 1126 1201 civitate
1150 1163 1322 1209 sublatis,
1346 1163 1453 1212 quod
1481 1169 1521 1199 tu

200 1240 248 1265 eo
262 1234 439 1278 tempore
454 1228 679 1276 moliebare,
695 1228 830 1267 civitas
845 1237 944 1267 stare
959 1242 1039 1267 non
1053 1231 1213 1278 posset?
1250 1230 1307 1266 M.
1324 1228 1522 1274 Bibulum,

199 1293 310 1330 cuius
342 1292 560 1331 inclusione
595 1300 804 1331 contentus
839 1307 919 1331 non
953 1306 1050 1341 eras,
1083 1293 1300 1331 interficere
1333 1294 1521 1338 volueras,

200 1358 386 1407 spoliaras
413 1359 630 1404 consulatu,
654 1357 778 1407 patria
804 1357 954 1408 privare
984 1358 1170 1408 cupiebas
1185 1373 1196 1406 3
1237 1360 1278 1395 L.
1304 1359 1523 1404 Lucullum,

200 1424 310 1461 cuius
325 1431 365 1461 tu
379 1423 494 1462 rebus
507 1424 636 1473 gestis,
647 1424 756 1473 quod
773 1422 855 1472 ipse
869 1424 919 1461 ad
936 1423 1203 1472 imperatorias
1221 1424 1355 1461 laudes
1368 1436 1389 1461 a
1403 1436 1524 1473 puero

200 1488 382 1527 videlicet
416 1497 623 1538 spectaras,
660 1487 933 1526 vehementius
967 1487 1182 1535 invidebas,
1217 1488 1262 1527 C.
1297 1487 1521 1534 Curionem,

199 1561 432 1603 perpetuum
460 1554 615 1591 hostem
643 1552 913 1602 improborum
944 1554 1134 1600 omnium,
1158 1562 1357 1591 auctorem
1379 1553 1524 1603 publici

200 1618 338 1656 consili
359 1618 399 1656 in
426 1617 605 1656 libertate
632 1617 835 1655 communi
863 1619 1011 1656 tuenda
1040 1618 1207 1656 maxime
1235 1618 1411 1664 liberum,
1434 1631 1524 1656 cum

199 1683 279 1722 filio
300 1683 476 1733 principe
504 1682 715 1721 iuventutis
743 1696 832 1721 curn
862 1697 902 1721 re
932 1683 1091 1733 publica
1120 1683 1388 1721 coniunctiore
1408 1682 1524 1721 etiam

199 1763 318 1799 quam
355 1750 406 1788 ab
450 1749 515 1788 illa
556 1757 685 1788 aetate
724 1750 1005 1799 postulandum
1053 1748 1136 1796 fuit,
1176 1750 1305 1787 delere
1343 1748 1525 1795 voluisti;

201 1815 242 1853 L.
281 1816 514 1861 Domitium,
551 1816 660 1853 cuius
700 1816 868 1865 dignitas
910 1824 947 1854 et
983 1816 1168 1865 splendor
1206 1814 1522 1864 praestringebat,

198 1881 327 1926 credo,
351 1881 487 1918 oculos
508 1879 832 1930 Vatini‚—quem
854 1888 894 1919 tu
917 1889 1073 1930 propter
1097 1893 1309 1919 commune
1329 1878 1464 1917 odium
1486 1878 1524 1916 in

198 1945 325 1983 bonos
356 1946 507 1992 oderas,
539 1944 579 1983 in
611 1952 811 1995 posterum
843 1954 986 1994 autem,
1022 1954 1178 1996 propter
1208 1944 1384 1984 omnium
1415 1957 1522 1994 spem

241 2059 260 2087 3
278 2050 377 2079 modo
390 2049 557 2089 Angelius
572 2060 579 2079 :
596 2059 661 2080 om.
676 2049 763 2080 codd.
869 2062 887 2089 4
905 2058 938 2082 et
952 2063 1017 2082 om.
1030 2052 1135 2085 Sclzol.
1248 2061 1266 2090 5
1283 2050 1400 2081 tollere
1411 2053 1444 2079 et
1456 2059 1521 2078 om.

197 2090 302 2122 Sclzol.
392 2093 561 2123 conareris
572 2092 660 2123 codd.
671 2094 909 2132 praeterSdzol.
926 2097 1137 2137 &conarerey
1161 2100 1271 2126 contra
1285 2104 1384 2123 usum
1403 2092 1524 2122 Tullia-

198 2146 292 2172 num,
307 2135 407 2174 credo,
421 2136 588 2166 varietatis
597 2137 710 2175 gratia
723 2137 755 2166 ιἰι
770 2138 921 2167 extremis
933 2138 1066 2178 syllabis
1171 2150 1187 2178 7
1217 2143 1357 2169 mortem
1372 2147 1435 2166 om.
1451 2134 1526 2165 GEs

199 2178 301 2218 (unde
312 2179 345 2208 in
353 2178 424 2210 dett.
433 2190 549 2210 necem
563 2183 637 2210 ante
650 2179 774 2210 offerre
785 2180 946 2210 adiectum
957 2184 1018 2217 est)
1104 2192 1139 2211 12
1152 2183 1342 2212 dementiae
1359 2179 1524 2209 Cum-lm:

197 2222 301 2252 menti
318 2222 406 2254 codd.
502 2233 540 2261 13
560 2223 735 2254 Dixeritne
752 2224 798 2253 sic
812 2223 946 2254 distinxt
960 2226 1006 2263 (et
1018 2225 1062 2255 ita
1074 2225 1115 2255 B*
1133 2237 1138 2255 :
1157 2227 1194 2264 cf
1213 2224 1440 2255 Inculcarisne
1457 2226 1469 2258 ξ
1484 2222 1525 2250 26

201 2267 239 2296 18
257 2266 419 2304 spoliaras
431 2277 455 2297 s.
471 2266 491 2297 l.
510 2267 615 2307 suppl.
630 2266 674 2296 Ρ2
763 2277 804 2297 22
830 2267 861 2297 in
880 2268 1062 2308 Angelius:
1090 2279 1153 2298 om.
1175 2268 1262 2298 codd.
1360 2278 1399 2305 24
1425 2276 1523 2304 quarn

195 2319 231 2337 s:
250 2319 325 2339 cum
339 2309 402 2339 ΡΒ
415 2309 479 2341 rell.
571 2319 611 2348 25
637 2314 778 2348 praestr.
797 2310 891 2340 GEs:
910 2317 1029 2349 perstr.
1045 2311 1249 2341 PBzHrell.
1344 2312 1385 2340 26
1410 2308 1522 2339 Vatini

196 2351 283 2384 codd.
313 2354 361 2389 (ἐξ
383 2363 431 2392 15,
462 2352 513 2391 19)
533 2363 539 2383 :
573 2353 640 2382 secl.
666 2352 809 2391 Emesa,
838 2353 949 2384 Madv.
971 2365 977 2384 ε
1012 2354 1112 2384 Vettii
1138 2355 1216 2386 com'.
1243 2354 1350 2384 Halm
1366 2366 1370 2385 :
1407 2353 1523 2383 oculos

197 2398 282 2435 tuos,
303 2395 415 2427 Vatini
433 2396 511 2426 coni.
527 2395 660 2433 Jordan
753 2396 803 2437 tu]
824 2401 891 2427 tum
911 2396 1029 2428 Lami).

1546 160 1584 188 23

1541 422 1588 448 10

1543 482 1582 512 24

1546 1827 1584 1857 25
