1774 2782
291 156 364 192 DE
397 154 765 192 HARVSPICVM
799 152 1084 191 RESPONSO
1116 151 1331 188 ORATIO
1428 160 1474 196 19

153 267 236 316 gius
258 273 295 304 et
316 267 365 304 ad
387 265 538 304 animos
556 265 822 315 imperitorum
847 264 1073 303 excitandos
1096 263 1477 311 inflammandosque

154 331 358 381 perfectus.
418 331 519 368 Nam
547 329 643 379 quid
664 343 737 380 ego
758 331 808 369 de
831 329 1004 380 Sulpicio
1026 331 1191 379 loquar?
1230 327 1339 366 cuius
1370 334 1477 364 tanta

153 397 192 434 in
217 396 388 435 dicendo
415 395 591 446 gravita5‚
615 403 723 434 tanta
749 395 981 442 iucunditas,
1005 402 1111 433 tanta
1136 393 1302 432 brevitas
1328 392 1408 438 fuit,
1437 399 1477 429 ut

153 469 283 512 posset
319 462 378 498 vel
410 468 451 498 ut
482 461 693 510 prudentes
721 468 902 506 errarent,
932 461 991 498 vel
1025 468 1065 497 ut
1096 459 1190 497 boni
1224 458 1351 495 minus
1377 458 1478 495 bene

115 541 131 571 5
153 525 339 564 sentirent
379 526 564 575 perficere
603 524 787 564 dicendo.
859 526 960 564 Cum
997 524 1055 561 his
1090 523 1303 561 conflictari
1337 531 1375 560 et
1409 535 1478 572 pro

153 591 278 629 salute
296 589 444 639 patriae
465 589 611 627 cotidie
631 588 821 628 dimicare
838 596 918 627 erat
935 588 1098 626 omnino
1115 587 1187 626 illis
1204 589 1270 637 qui
1292 595 1374 625 tum
1397 600 1476 624 rem

153 655 348 706 publicam
371 655 643 705 gubernabant
670 656 905 701 molestum;
935 655 1005 693 sed
1030 653 1200 692 babebat
1225 666 1271 691 ea
1300 653 1476 691 molestia

153 721 350 770 quandam
373 727 504 757 tamen
526 719 769 769 dignitatem.
830 719 909 757 Hic
930 732 1021 757 vero
1041 720 1092 757 de
1104 732 1187 768 quo
1199 732 1274 768 ego
1295 718 1376 768 ipse
1397 725 1475 755 tam

153 787 274 822 multa
304 798 408 822 nunc
439 784 541 831 dico,
566 797 635 834 pro
665 784 706 822 di
734 783 999 822 immortales!
1030 783 1125 833 quid
1150 791 1217 830 est,
1245 783 1339 833 quid
1364 784 1477 828 valet,

96 866 133 886 10
152 849 247 899 quid
275 850 410 895 adfert,
438 857 477 886 ut
506 857 614 887 tanta
641 848 787 896 civitas,
811 850 841 886 si
867 850 1160 899 cadet,—quod
1190 849 1229 887 di
1259 862 1376 886 omen
1408 848 1477 885 ob-

154 918 370 952 ruantl-a
400 913 481 951 viro
512 921 644 951 tamen
675 914 858 952 confecta
887 914 1095 952 videatur?
1138 913 1203 963 qui
1241 921 1327 964 post
1363 913 1478 963 patris

154 988 318 1018 mortem
341 979 505 1029 primam
524 978 627 1016 illam
645 980 854 1017 aetatulam
874 993 983 1017 suam
999 981 1051 1018 ad
1068 992 1284 1017 scurrarum
1306 980 1478 1028 locuple-

153 1044 248 1082 tium
289 1043 474 1082 libidines
514 1044 664 1090 detulit,
702 1057 869 1093 quorum
910 1044 1211 1094 intemperantia
1249 1045 1400 1093 expleta
1440 1043 1477 1081 in

155 1109 382 1147 domesticis
412 1117 470 1146 est
499 1109 765 1158 germanitatis
797 1111 938 1159 stupris
969 1111 1189 1158 volutatus;
1228 1109 1373 1148 deinde
1403 1109 1478 1146 iam

98 1187 132 1218 15
154 1174 336 1212 robustus
365 1172 589 1222 provinciae
615 1187 656 1212 se
678 1187 724 1211 ac
750 1174 803 1212 rei
833 1174 985 1212 militari
1012 1174 1132 1221 dedit,
1158 1182 1276 1224 atque
1304 1174 1354 1211 ibi
1384 1174 1480 1223 pira-

153 1247 278 1276 tarum
301 1237 559 1276 contumelias
581 1251 787 1288 perpessus
808 1239 925 1277 etiam
947 1239 1116 1278 Cilicum
1138 1239 1320 1278 libidines
1342 1239 1478 1276 barba-

154 1316 363 1353 rorumque
379 1302 531 1341 satiavit
547 1318 557 1350 3
586 1311 675 1353 post
691 1303 861 1342 exercitu
881 1305 922 1343 L.
944 1304 1094 1342 Luculli
1113 1304 1323 1342 sollicitato
1338 1317 1404 1353 per
1418 1318 1480 1341 ne-

154 1369 314 1407 fandum
330 1369 456 1406 scelus
470 1369 565 1417 fugit
583 1368 688 1414 illim,
709 1370 940 1419 Romaeque
957 1369 1101 1408 recenti
1118 1371 1288 1407 adventu
1304 1382 1376 1406 suo
1389 1382 1479 1406 cum

157 1433 386 1484 propinquis
408 1433 486 1471 suis
508 1433 657 1471 decidit
683 1447 731 1471 ne
753 1447 838 1472 reos
861 1435 1015 1480 faceret,
1038 1447 1060 1472 a
1082 1434 1250 1473 Catilina
1272 1434 1479 1484 pecuniam

97 1513 136 1536 20
154 1498 305 1548 accepit
326 1505 368 1536 ut
389 1497 612 1547 turpissime
633 1500 968 1548 praevaricaretur.
1018 1500 1118 1537 Inde
1138 1513 1228 1536 cum
1252 1501 1420 1536 Murena
1441 1512 1481 1536 se

154 1563 193 1600 in
215 1563 382 1601 Galliam
405 1562 581 1608 contulit,
605 1562 645 1600 in
666 1576 743 1612 qua
765 1563 965 1612 provincia
983 1572 1226 1602 mortuorum
1249 1570 1480 1601 testamenta

154 1627 395 1677 conscripsit,
428 1629 598 1677 pupillos
628 1628 793 1675 necavit,
822 1630 987 1666 nefarias
1014 1643 1105 1667 cum
1130 1629 1262 1666 multis
1290 1630 1479 1666 scelerum

155 1692 356 1743 pactiones
382 1694 668 1742 societatesque
693 1694 901 1740 conflavit3
931 1695 1037 1732 unde
1058 1701 1100 1731 ut
1126 1693 1249 1740 rediit,
1275 1701 1478 1743 quaestum

155 1757 264 1796 illum
285 1758 453 1796 maxime
482 1759 695 1796 fecundum
724 1760 966 1808 uberemque
990 1767 1248 1809 campestrem
1277 1767 1403 1797 totum
1431 1759 1481 1796 ad

98 1837 136 1869 25
156 1837 196 1862 se
228 1823 280 1861 ita
314 1823 462 1874 redegit
497 1832 538 1861 ut
578 1825 699 1862 homo
732 1824 930 1874 popularis
966 1826 1160 1863 fraudaret
1193 1824 1482 1874 improbissime

155 1890 356 1938 populum,
390 1889 574 1938 idemque
601 1890 657 1926 vir
686 1891 860 1927 clemens
886 1890 1073 1928 divisores
1099 1890 1275 1927 omnium
1308 1889 1479 1927 tribuum

155 1953 264 1991 domi
279 1953 359 2003 ipse
373 1953 744 1992 suaecrudelissima
759 1962 882 1992 morte
898 1963 1096 1993 mactaret.
1120 1956 1264 1993 Exorta
1278 1962 1335 1992 est
1350 1955 1413 1992 illa
1426 1956 1479 1992 rei

156 2017 348 2067 publicae,
372 2018 499 2065 sacris,
524 2018 789 2068 religionibus,
813 2019 1031 2057 auctoritati
1056 2028 1219 2067 vestrae,
1240 2019 1393 2057 iudiciis
1413 2033 1481 2070 pu-

156 2082 268 2121 blicis
290 2084 442 2121 sunesta
463 2092 681 2133 quaestura,
706 2084 744 2121 in
766 2097 843 2133 qua
865 2084 969 2122 idem
995 2084 1066 2122 iste
1091 2086 1187 2123 deos
1209 2084 1479 2134 hominesque,

103 2162 140 2193 50
157 2148 363 2197 pudorem,
394 2148 635 2198 pudicitiam,
668 2156 826 2187 senatus
853 2149 1138 2197 auctoritatem,
1169 2151 1238 2197 ius,
1269 2150 1336 2196 fas,
1366 2151 1480 2199 legeS‚

158 2212 300 2251 iudicia
338 2212 505 2253 violavit.
565 2216 697 2263 Atque
728 2214 790 2252 hic
824 2214 857 2252 ei
887 2216 1108 2264 gradus——o
1140 2214 1278 2253 misera
1308 2222 1483 2263 tempora

204 2327 222 2345 2
249 2316 399 2356 Sulpicio
411 2316 509 2347 PBt:
537 2317 572 2348 P.
590 2317 738 2356 Sulpicio
751 2317 932 2347 HGEMbk
1003 2320 1023 2348 6
1043 2319 1168 2349 cotidie
1180 2318 1323 2348 HBGle:
1347 2318 1482 2348 cottidie

159 2358 202 2388 Ρ2
221 2371 226 2389 :
253 2360 410 2390 cottidiae
424 2360 464 2390 ΡΙ
585 2371 622 2390 10
647 2361 805 2399 obruant]
825 2366 980 2392 avertant
998 2361 1039 2391 M
1141 2371 1174 2400 ¹7
1206 2362 1241 2392 L.
1261 2373 1285 2391 s.
1300 2364 1319 2393 l.
1338 2361 1413 2391 (ald.
1441 2361 1484 2390 1³2

164 2404 199 2431 18
226 2403 303 2432 illim
320 2403 382 2434 P2:
406 2404 449 2432 illi
468 2403 530 2435 1³¹:
558 2403 648 2433 illum
664 2403 769 2434 Brell.
785 2408 909 2443 praeler
922 2404 1050 2436 HMbs‘
1063 2405 1185 2445 (illinc)
1271 2407 1311 2435 26
1336 2405 1483 2435 clemens

162 2446 218 2475 Ille
234 2458 239 2476 t
265 2447 404 2476 demens
423 2447 454 2476 P
468 2447 531 2477 rell.
670 2458 706 2486 3¹
732 2452 804 2487 pos!
821 2449 945 2486 gradus
962 2449 1055 2479 habet
1071 2460 1094 2479 s.
1109 2449 1127 2479 l.
1147 2449 1202 2478 suit
1221 2460 1233 2479 c

1494 167 1529 196 41

1497 697 1550 723 20

1499 1968 1540 1999 43
