1774 2782
113 857 152 879 10

118 1507 157 1527 20

496 143 605 181 PRO
638 144 678 179 l'.
712 142 903 180 SESTIO
935 142 1151 180 ORATIO
1473 150 1554 188 717

168 253 410 300 immortalis,
428 253 457 291 si
480 253 658 291 nondum
683 253 828 290 scelera
844 253 1083 300 vulneraque
1099 250 1229 288 inusta
1248 253 1300 289 rei
1318 252 1498 301 publicae

170 319 286 357 vultis
317 318 522 365 recordari,
549 318 699 355 vultum
727 324 846 366 atquc
877 316 1073 355 incessum
1100 316 1241 354 animis
1269 316 1497 354 intuemini:

169 384 320 422 facilius
348 396 482 421 eorum
512 384 614 420 facta
640 389 846 420 occurrent
874 381 1074 420 mentibus
1096 382 1241 427 vestris,
1266 380 1295 418 si
1323 394 1390 418 ora
1417 382 1499 431 ipsa

170 448 293 487 oculis
315 446 605 498 proposueritis.

224 515 334 551 Alter
365 511 574 562 unguentis
606 512 794 557 adfluens,
828 510 1089 549 calamistrata
1118 523 1246 557 coma,
1275 510 1496 559 despiciens

169 578 350 617 conscios
389 586 611 627 stuprorum
651 590 696 615 ac
734 584 883 615 veteres
921 583 1122 614 vexatores
1160 577 1353 613 aetatulae
1392 588 1495 621 suae,

169 645 315 694 puteali
351 650 389 681 et
424 644 710 681 faeneratorum
745 641 927 691 gregibus
963 641 1129 687 inflatus,
1163 653 1185 678 a
1219 640 1362 690 quibus
1394 653 1497 678 com-

169 710 305 758 pulsus
335 707 440 753 olim,
465 721 514 745 ne
544 707 584 745 in
614 708 790 756 Scyllaeo
822 706 888 744 illo
918 705 1015 744 aeris
1045 705 1161 743 alieni
1190 713 1391 755 tamquam
1420 703 1497 758 [in]

171 775 270 811 fretu
291 773 342 811 ad
363 773 588 810 columnam
610 772 918 817 adhaeresceret‚
940 770 980 808 in
1001 771 1221 808 tribunatus
1242 778 1398 820 portum
1418 784 1500 820 per-

172 839 334 887 fugerat,
350 837 630 875 contemnebat
651 835 802 885 equites
826 837 1043 882 Romanos,
1062 834 1315 873 minitabatur
1335 836 1497 883 senatui,

172 902 401 941 venditabat
421 914 462 940 se
487 901 615 950 operis
635 909 753 950 atque
781 901 830 938 ab
859 900 903 938 iis
931 913 972 938 se
1000 907 1177 950 ereptum
1205 914 1255 938 ne
1279 901 1329 938 de
1349 900 1501 938 ambitu

173 980 332 1006 causam
364 966 511 1004 diceret
541 964 803 1015 praedicabat,
835 966 886 1004 ab
917 965 1124 1014 isdemque
1157 978 1197 1003 se
1229 965 1347 1003 etiam
1379 965 1502 1004 invito

173 1039 311 1070 senatu
344 1030 585 1081 provinciam
621 1044 774 1080 sperare
809 1030 993 1077 dicebat;
1032 1043 1199 1080 eamque
1229 1030 1303 1068 nisi
1334 1032 1501 1080 adeptus

174 1105 286 1143 esset,
309 1110 351 1134 se
377 1096 617 1134 incolumem
646 1098 755 1134 nullo
786 1097 907 1134 modo
937 1097 1019 1133 sore
1050 1095 1319 1134 arbitrabatur.
1377 1098 1497 1143 Alter,
1524 1108 1561 1140 19

173 1177 196 1200 o
217 1163 256 1200 di
284 1162 389 1208 boni,
413 1174 531 1211 quam
560 1168 680 1199 taeter
709 1161 929 1207 incedebat,
954 1174 1074 1210 quam
1105 1162 1357 1207 truculentus,
1381 1174 1500 1210 quam

175 1226 355 1265 terribilis
389 1229 574 1276 aspectu!
616 1239 738 1263 unum
771 1225 942 1275 aliquem
976 1233 1015 1264 te
1046 1239 1092 1264 ex
1124 1226 1294 1264 barbatis
1327 1225 1410 1271 illis,
1442 1239 1503 1264 ex-

175 1293 351 1341 emplum
377 1290 512 1341 imperi
541 1290 691 1336 veteris,
720 1290 931 1340 imaginem
959 1290 1214 1340 antiquitatis,
1237 1293 1420 1329 columen
1449 1291 1503 1329 rei

175 1356 357 1406 publicae
373 1356 524 1394 diceres
545 1355 696 1394 intueri.
739 1356 915 1394 Vestitus
936 1369 1073 1406 aspere
1089 1363 1220 1393 nostra
1242 1357 1313 1393 hac
1335 1369 1504 1405 purpura

175 1420 331 1471 plebeia
350 1434 396 1459 ac
416 1434 542 1471 paene
564 1422 683 1466 fusca,
707 1421 849 1470 capillo
877 1421 930 1459 ita
951 1422 1112 1459 horrido
1131 1428 1174 1459 ut
1195 1421 1343 1470 Capua,
1367 1420 1405 1458 in
1427 1434 1505 1470 qua

176 1486 260 1536 ipsa
294 1493 379 1523 turn
414 1486 593 1536 imaginis
626 1487 825 1524 ornandae
857 1500 975 1524 causa
1009 1487 1300 1524 duumvi1atum
1332 1485 1502 1535 gerebat,

177 1551 394 1601 Seplasiam
411 1552 634 1589 sublaturus
650 1551 855 1590 videretur.
901 1554 1004 1590 Nam
1025 1551 1122 1602 quid
1139 1564 1212 1601 ego
1232 1552 1282 1589 de
1298 1550 1505 1601 supercilio

177 1617 320 1663 dicam,
340 1617 448 1666 quod
465 1624 547 1653 tum
569 1616 797 1654 hominibus
819 1630 899 1655 non
919 1616 1182 1666 supercilium,
1200 1617 1269 1654 sed
1291 1618 1430 1665 pignus
1451 1616 1504 1654 rei

177 1681 360 1730 publicae
391 1681 627 1718 videbatur?
694 1683 822 1719 Tanta
855 1689 935 1720 erat
966 1683 1132 1731 gravitas
1165 1681 1204 1718 in
1236 1682 1363 1727 oculo,
1397 1688 1505 1719 tanta

177 1745 396 1785 contractio
416 1747 564 1793 frontis,
588 1753 631 1783 ut
652 1745 720 1783 illo
745 1746 954 1795 supercilio
978 1759 1105 1784 annus
1127 1746 1191 1784 ille
1211 1746 1281 1783 niti
1303 1753 1503 1796 tamquam

1518 483 1541 519 8

1521 544 1557 574 18

120 1830 156 1851 2·
179 1813 273 1850 vade
302 1811 507 1850 videretur.
568 1813 662 1849 Erat
691 1812 755 1849 hic
783 1811 961 1849 omnium
992 1825 1144 1850 sermo:
1183 1815 1261 1850 ‘est
1290 1818 1421 1849 tamen
1452 1811 1503 1849 rei
1528 1829 1566 1850 20

180 1877 362 1927 publicae
389 1890 578 1927 magnum
604 1878 840 1926 firmumque
869 1877 1114 1925 subsidium3
1144 1877 1273 1915 habeo
1300 1890 1419 1926 quem
1441 1890 1506 1926 op-

179 1956 325 1992 ponam
346 1941 424 1980 labi
446 1943 499 1980 illi
519 1950 637 1992 atque
665 1955 813 1989 caen03
843 1944 951 1980 vultu
980 1955 1043 1981 me
1071 1942 1158 1980 dius
1180 1942 1296 1980 fidius
1320 1943 1506 1991 conlegae

226 2057 239 2076 1
269 2047 417 2077 nondum
435 2045 495 2077 dcl.
509 2046 681 2086 Plujgers:
707 2057 751 2076 an
769 2047 935 2077 nefanda?
1070 2056 1086 2085 7
1113 2045 1264 2085 inflatus]
1283 2045 1448 2075 insultans
1465 2044 1502 2074 O.

180 2090 315 2120 Ribbeck
391 2101 410 2120 a
424 2090 543 2129 quibus
557 2090 664 2120 Sclzol.
680 2102 685 2121 :
710 2091 765 2129 qui
778 2090 818 2119 Ρ]
838 2102 844 2120 :
870 2095 969 2129 atque
985 2090 1050 2120 rell.
1135 2091 1155 2119 8
1181 2090 1212 2118 in
1222 2094 1274 2128 pr.
1287 2088 1394 2119 Sclzol.
1411 2101 1416 2118 :
1439 2099 1504 2118 om.

180 2133 268 2164 codd.
359 2138 526 2172 tamquam
543 2133 651 2164 Sclzol.
670 2145 675 2163 :
699 2145 764 2164 om.
778 2133 865 2164 codd.
961 2135 992 2163 in
1008 2133 1063 2164 all.
1079 2133 1136 2164 del.
1151 2132 1296 2174 Seyffert,
1310 2132 1378 2164 secl.
1394 2131 1503 2162 Muell.

181 2178 265 2207 fretu
279 2176 319 2205 [³¹
336 2189 341 2207 :
360 2177 446 2207 freto
459 2177 521 2206 rell.
554 2176 648 2206 Num
662 2188 703 2208 ne
716 2177 747 2207 in
762 2177 920 2215 Scyllaeo
934 2177 988 2207 illo
1000 2177 1088 2207 aeris
1101 2176 1200 2206 alieni
1215 2175 1386 2215 (iactatus)
1397 2175 1483 2205 fretu
1498 2177 1506 2205 ἲ

181 2231 219 2250 21
246 2219 444 2259 supercilio]
461 2231 583 2260 supero
597 2221 653 2250 illo
668 2221 755 2251 ΡΒΣ
848 2231 888 2258 24
911 2231 1018 2250 annus
1034 2219 1150 2250 Lamb.
1172 2231 1178 2249 ι
1195 2225 1317 2250 antuus
1329 2219 1361 2248 P
1373 2218 1422 2257 gin
1437 2228 1502 2257 mg.

181 2275 223 2294 an
251 2268 404 2293 mantuus
429 2264 486 2303 Σ);
512 2269 681 2302 mantuus,
700 2268 878 2299 anantuus,
899 2269 1102 2294 anmantuus
1124 2259 1200 2297 rell..
1227 2261 1507 2292 Rhadamanthus

186 2306 340 2345 letnder,
373 2308 566 2338 consulatus
596 2307 749 2346 Schuetz,
780 2307 994 2346 magistratus
1026 2308 1204 2337 Hermann
1240 2305 1436 2344 (supercilio
1467 2314 1505 2334 ac

181 2356 264 2380 nutu
281 2360 389 2380 annus
406 2351 460 2381 ille
478 2350 675 2390 Landgraf)
784 2360 824 2389 25
849 2351 933 2380 vade
951 2351 1053 2391 suppl.
1073 2350 1184 2381 Madv.
1205 2360 1244 2380 ex
1263 2349 1387 2379 Valerio
1402 2348 1507 2377 Profe

181 2394 236 2435 (T.
258 2394 299 2432 iv,
314 2399 349 2434 p.
373 2404 421 2434 19,
446 2395 484 2424 18
500 2398 529 2424 et
544 2405 595 2433 30,
617 2395 672 2433 27)
