1774 2782
207 145 253 181 16

215 332 254 363 39

213 1248 257 1278 40

214 1368 255 1406 17

212 2025 249 2056 41

275 150 312 188 38
620 141 675 177 M.
708 139 876 176 TVLLI
908 138 1213 177 CICERONIS

273 251 406 290 omnia
440 250 480 288 in
515 248 686 300 pecunia
724 248 919 299 posuisset
953 249 1103 287 honore
1137 250 1270 287 animo
1308 261 1437 299 aequo
1470 261 1601 287 carere

274 317 429 355 debere.
502 315 623 363 Quod
663 315 694 353 si
733 315 828 364 ipse,
864 314 931 364 qui
965 321 1004 352 te
1039 326 1132 352 suae
1165 313 1364 363 dignitatis
1397 316 1602 364 augendae

274 394 400 427 causa,
424 379 601 430 periculo
626 387 705 426 tuo,
730 380 840 417 nullo
869 392 942 417 suo
967 379 1123 425 delicto,
1146 379 1233 416 ferri
1260 378 1514 428 praecipitem
1543 386 1603 417 est

275 447 387 484 facile
407 458 556 495 passus,
578 452 712 483 tamen
734 452 772 482 te
793 443 901 482 omni
926 445 1077 482 honore
1104 443 1420 493 indignissimum
1442 443 1599 491 iudicat,

275 512 305 548 si
335 518 374 548 te
400 510 529 558 vicini,
552 508 585 548 si
607 510 771 557 adfines,
801 509 833 547 si
862 508 1025 547 tribules
1054 508 1108 546 ita
1138 509 1306 546 oderunt
1334 516 1377 546 ut
1405 510 1603 558 repulsam
1625 523 1642 554 5

273 583 381 613 tuam
410 574 651 624 triumphum
682 588 797 612 suum
825 573 1017 620 duxerint,
1035 573 1064 611 si
1091 586 1211 611 nemo
1229 573 1367 623 aspicit
1383 573 1479 623 quin
1500 575 1605 624 inge-

275 647 434 687 mescat,
467 653 589 677 nemo
617 638 863 677 mentionem
893 637 984 675 facit
1019 637 1114 687 quin
1144 646 1372 685 exsecretur,
1404 638 1436 676 si
1466 639 1601 686 vitant,

275 705 440 755 fugiunt,
461 704 598 743 audire
618 705 671 743 de
692 711 731 743 te
755 705 907 751 nolunt,
929 717 1019 740 cum
1042 704 1232 751 viderunt,
1256 711 1457 753 tamquam
1477 703 1604 754 auspi-

275 772 380 808 cium
404 771 551 807 malum
580 770 836 815 detestantur,
860 769 892 806 si
918 769 1073 818 cognati
1094 775 1292 818 respuunt,
1317 768 1478 807 tribules
1499 782 1604 808 exse-

275 843 441 882 crantur,
458 834 575 873 vicini
596 842 789 882 metuunt,
805 835 956 872 adfines
977 834 1223 880 erubescunt,
1240 841 1409 872 strumae
1429 834 1603 885 denique
1627 849 1665 871 10

274 901 326 939 ab
347 913 414 939 ore
431 900 613 950 improbo
630 900 896 950 demigrarunt
917 907 955 937 et
971 899 1055 937 aliis
1072 901 1148 937 iam
1165 912 1206 937 se
1223 900 1318 937 locis
1334 901 1600 947 conlocarunt,

275 965 308 1004 si
328 979 370 1004 es
387 965 523 1004 odium
541 965 743 1016 publicum
761 964 908 1015 populi,
925 972 1094 1011 senatus,
1110 966 1379 1003 universorum
1396 966 1603 1004 hominum

276 1030 730 1080 rusticanorum‚-quid
766 1038 823 1069 est
858 1044 977 1080 quam
1018 1030 1070 1067 ob
1104 1043 1185 1067 rem
1220 1037 1438 1079 praeturam
1474 1031 1604 1080 potius

276 1104 438 1147 exoptes
462 1110 582 1147 quam
611 1103 789 1143 mortem,
813 1094 1039 1145 praesertim
1068 1109 1158 1132 cum
1189 1096 1419 1145 popularem
1446 1103 1485 1134 te
1509 1095 1604 1134 velis

276 1176 363 1201 esse
382 1175 513 1212 neque
534 1163 613 1199 ulla
634 1175 673 1199 re
695 1162 843 1211 populo
862 1160 1007 1211 gratius
1029 1161 1154 1198 facere
1175 1159 1330 1210 possis?
1626 1173 1661 1204 15

333 1229 412 1266 Sed
433 1235 475 1265 ut
495 1227 712 1276 aliquando
731 1227 938 1264 audiamus
959 1239 1078 1275 quam
1101 1225 1260 1275 copiose
1285 1225 1379 1263 mihi
1400 1227 1450 1264 ad
1471 1233 1605 1276 rogata

277 1293 528 1343 respondeaS‚
550 1292 788 1329 concludam
810 1291 886 1328 iam
909 1290 1251 1340 interrogationem
1275 1303 1403 1329 meam
1428 1298 1545 1340 teque
1566 1291 1604 1329 in

277 1366 452 1396 extremo
475 1370 600 1407 pauca
628 1358 678 1395 de
703 1356 786 1406 ipsa
816 1370 934 1394 causa
961 1356 1120 1405 rogabo.
1181 1356 1340 1403 Quaero
1369 1368 1470 1405 quae
1497 1363 1605 1394 tanta

276 1423 315 1461 in
338 1432 376 1461 te
392 1422 552 1467 vanitas,
573 1430 680 1460 tanta
697 1421 832 1459 levitas
850 1420 963 1458 fuerit
980 1428 1022 1458 ut
1044 1420 1082 1457 in
1099 1421 1175 1457 hoc
1197 1419 1343 1457 iudicio
1363 1421 1410 1457 T.
1428 1420 1603 1458 Annium

276 1488 402 1527 isdem
434 1486 561 1526 verbis
592 1487 770 1524 laudares
801 1485 945 1536 quibus
975 1499 1065 1524 eum
1096 1484 1223 1523 verbis
1253 1486 1411 1523 laudare
1440 1493 1478 1524 et
1507 1486 1601 1524 boni
1624 1501 1664 1523 20

275 1553 343 1591 viri
376 1561 414 1591 et
448 1552 543 1591 boni
579 1552 682 1590 cives
714 1559 965 1597 consuerunt,
999 1565 1089 1589 cum
1122 1552 1161 1588 in
1193 1552 1364 1589 eundem
1395 1565 1519 1601 nuper
1551 1553 1602 1591 ab

275 1620 415 1657 eadem
441 1618 506 1656 illa
530 1617 751 1655 taeterrima
778 1616 877 1655 furia
901 1618 1118 1666 productus
1143 1616 1193 1654 ad
1218 1617 1409 1666 populum
1437 1617 1606 1667 cupidis-

275 1684 373 1722 sime
404 1685 543 1721 falsum
576 1682 846 1720 testimonium
880 1682 1051 1720 dixeris?
1107 1684 1172 1719 An
1200 1681 1269 1720 erit
1300 1683 1397 1719 haec
1427 1682 1536 1732 optio
1565 1690 1603 1722 et

275 1757 447 1800 potestas
479 1756 556 1793 tua,
590 1756 642 1794 ut,
677 1762 766 1785 cum
803 1748 1018 1787 Clodianas
1054 1761 1192 1797 operas
1227 1754 1265 1785 et
1297 1748 1601 1786 facinerosorum

274 1814 481 1853 hominum
503 1821 540 1851 et
567 1814 810 1862 perditorum
841 1826 1001 1850 manum
1025 1812 1178 1859 videris,
1203 1813 1397 1850 Milonem
1419 1813 1538 1859 dicas,
1561 1813 1601 1851 id
1624 1825 1660 1856 25

274 1880 383 1929 quod
404 1879 442 1916 in
464 1879 650 1916 contione
668 1878 808 1924 dixisti,
829 1879 1110 1929 gladiatoribus
1132 1885 1171 1916 et
1188 1878 1378 1916 bestiariis
1399 1877 1602 1916 obsedisse

274 1959 355 1983 rem
377 1944 576 1994 publicam
595 1959 601 1981 ς
634 1957 724 1981 cum
742 1952 874 1982 autem
891 1945 941 1982 ad
958 1944 1044 1981 talis
1061 1945 1162 1981 viros
1178 1943 1340 1988 veneris,
1360 1956 1440 1980 non
1456 1944 1601 1981 audeas

274 2010 399 2048 civem
434 2010 615 2059 singulari
652 2009 802 2056 virtute,
842 2011 930 2055 fide,
969 2008 1187 2047 constantia
1222 2008 1467 2058 vituperare?
1524 2008 1602 2046 Sed

274 2089 365 2113 curn
386 2076 433 2112 T.
456 2075 631 2112 Annium
662 2084 772 2114 tanto
801 2089 918 2125 opere
943 2076 1079 2113 laudes
1104 2082 1142 2113 et
1169 2075 1383 2112 clarissimo
1411 2073 1492 2112 viro
1519 2087 1600 2112 non

274 2141 419 2178 nullam
462 2141 689 2179 laudatione
729 2149 794 2178 tua
833 2141 1053 2179 labeculam
1096 2138 1403 2190 adspergas-in
1445 2138 1598 2176 illorum
1621 2146 1661 2176 30

274 2206 379 2244 enim
401 2219 566 2244 numero
588 2207 734 2243 mavult
755 2208 800 2243 T.
825 2205 979 2243 Annius
1001 2218 1086 2243 esse
1107 2204 1173 2254 qui
1201 2217 1222 2242 a
1251 2211 1288 2242 te
1310 2203 1600 2254 vituperantur:

318 2311 338 2339 6
363 2310 570 2348 ingemescat
588 2308 630 2338 P¹
648 2321 653 2339 ε
678 2308 875 2347 ingemiscat
895 2308 960 2339 rell.
981 2307 1082 2345 (Sesl.
1103 2310 1117 2344 ξ
1140 2307 1213 2345 146)
1337 2317 1374 2346 13
1398 2307 1601 2338 urbanorum

274 2352 350 2383 add.
373 2357 452 2393 post
473 2353 715 2383 rusticanorum
741 2352 886 2392 Madvzjg,
908 2351 1041 2392 improb.
1060 2351 1215 2382 Zielinsk.
1233 2363 1239 2381 ε
1271 2352 1517 2382 rusticanorum
1534 2361 1599 2381 om.

274 2395 330 2426 Hs
462 2406 503 2434 24
530 2396 794 2427 facinerosorum
813 2396 863 2426 P:
887 2395 1065 2426 facinoros.
1084 2395 1117 2424 B
1134 2395 1198 2425 rell.
1250 2393 1314 2434 (Cf.
1333 2395 1418 2426 Sest.
1439 2397 1454 2431 ξ
1471 2395 1530 2436 81)
