1774 2782
675 133 729 168 M.
763 131 928 167 TVLLI
963 130 1269 168 CICERONIS

306 241 569 291 cupiditates?
627 242 704 278 Sed
727 254 800 289 ego
823 240 858 277 in
883 241 955 277 bac
978 239 1173 278 sententia
1194 238 1363 277 dicenda
1385 252 1464 277 non
1487 239 1633 289 parebo

306 307 428 345 dolori
453 320 552 352 meo,
579 320 655 344 non
681 306 904 344 iracundiae
922 305 1096 343 serviam.
1158 307 1251 354 Quo
1268 304 1400 342 animo
1417 318 1517 342 unus
1534 304 1634 354 quis-

305 385 382 420 que
403 379 572 408 vestrum
596 370 713 408 debet
737 384 821 408 esse
848 370 885 407 in
912 370 1008 417 illos,
1033 371 1108 408 hoc
1130 383 1218 408 ero:
1250 369 1501 419 praecipuum
1525 369 1633 406 illum

305 443 341 473 et
360 437 557 485 proprium
573 448 731 473 sensum
749 434 893 472 doloris
911 434 999 480 mci,
1014 448 1132 484 quem
1148 442 1279 471 tamen
1296 447 1364 471 vos
1381 446 1633 471 communem

306 514 458 549 semper
497 500 608 537 vobis
648 513 803 537 mecum
843 513 928 537 esse
967 498 1140 545 duxistis,
1178 512 1200 536 a
1235 497 1427 536 sententia
1465 497 1633 535 dicenda

306 566 510 612 amovebo,
533 566 583 603 ad
606 565 819 602 ulciscendi
843 573 1018 614 tempora
1039 564 1256 603 reservabo.

271 675 283 686 Ἴ
360 633 557 680 Quattuor
593 638 682 668 sunt
714 630 949 680 provinciae,
984 638 1111 679 patres
1147 628 1369 678 conscripti,
1403 630 1452 667 de
1491 628 1633 678 quibus

269 696 277 704 ²
304 697 434 733 adbuc
468 696 652 744 intellego
678 696 890 733 sententias
915 708 1000 733 esse
1036 694 1170 740 dictas,
1209 693 1360 732 Galliae
1390 695 1501 740 duae,
1537 707 1633 744 quas

305 761 381 797 hoc
417 768 592 809 tempore
632 773 712 797 uno
753 760 917 808 imperio
962 759 1141 797 videmus
1186 772 1272 796 esse
1311 759 1553 804 coniunctas,
1595 767 1633 797 et

305 824 409 873 Syria
440 832 475 862 et
504 825 752 871 Macedonia,
778 838 874 874 quas
896 824 1007 862 vobis
1030 824 1158 862 invitis
1180 832 1217 862 et
1239 823 1433 873 oppressis
1462 823 1631 872 pestiferi

305 889 356 926 illi
386 891 569 927 consules
598 903 668 939 pro
696 903 899 938 perversae
928 889 980 927 rei
1008 890 1188 939 publicae
1215 887 1395 938 praemiis
1421 901 1632 937 occupare<

304 962 403 992 runt.
453 955 738 992 Decernendae
761 953 875 991 nobis
897 961 986 991 sunt
1005 955 1088 1003 lege
1110 952 1341 1002 Sempronia
1362 953 1473 990 duae.
1525 952 1632 1001 Quid

304 1029 360 1058 est
382 1021 490 1069 quod
513 1021 706 1069 possimus
723 1020 773 1057 de
788 1019 894 1068 Syria
914 1018 1231 1068 Macedoniaque
1248 1019 1457 1055 dubitare?
1515 1017 1632 1055 Mitto

303 1086 411 1135 quod
433 1098 497 1123 eas
520 1086 570 1122 ita
593 1093 720 1134 partas
747 1085 893 1122 babent
917 1084 939 1121 ii
962 1083 1026 1134 qni
1050 1097 1155 1121 nunc
1176 1083 1357 1121 obtinent
1379 1090 1420 1120 ut
1441 1096 1520 1121 non
1541 1091 1631 1121 ante

302 1150 497 1201 attigerint
519 1164 637 1200 quam
662 1151 766 1187 hunc
789 1150 967 1187 ordinem
991 1150 1304 1195 condemnarint,
1329 1162 1446 1198 quam
1468 1150 1630 1186 auctori-

302 1223 422 1253 tatem
441 1222 606 1253 vestram
625 1228 645 1252 e
662 1214 817 1253 civitate
831 1214 1132 1260 exterminarint‚
1150 1227 1267 1263 quam
1287 1215 1405 1252 fidem
1419 1214 1628 1263 publicam,

302 1294 419 1329 quam
443 1288 671 1331 perpetuam
696 1279 829 1330 populi
850 1279 1020 1317 Romani
1037 1280 1213 1323 salutem,
1233 1292 1350 1327 quam
1374 1292 1436 1316 me
1456 1292 1500 1315 ac
1522 1292 1631 1316 meos

301 1346 430 1384 omnis
456 1345 681 1384 foedissime
711 1345 1059 1394 crudelissimeque
1088 1344 1270 1382 vexarint.
1332 1343 1477 1382 Omnia
1499 1345 1630 1382 dome-

301 1411 397 1449 stica
430 1419 549 1461 atque
584 1412 734 1448 urbana
769 1410 890 1457 mitto,
929 1423 1029 1459 quae
1062 1418 1169 1447 tanta
1203 1416 1293 1446 sunt
1333 1416 1373 1446 ut
1413 1422 1627 1458 numquam

303 1475 507 1514 Hannibal
530 1475 620 1513 huic
643 1476 727 1513 urbi
751 1483 904 1513 tantum
933 1474 1022 1512 mali
1045 1473 1186 1524 optarit
1208 1481 1400 1524 quantum
1424 1473 1474 1511 illi
1496 1475 1629 1511 effece-

300 1541 386 1579 rint.
447 1542 510 1579 Ad
533 1541 634 1590 ipsas
656 1541 772 1579 venio
794 1539 1037 1590 provincias3
1067 1553 1232 1589 quarum
1257 1538 1505 1584 Macedonia,
1529 1552 1630 1588 quae

300 1614 381 1645 erat
401 1614 516 1644 antea
533 1606 683 1644 munita
700 1606 954 1655 plurimorum
975 1605 1251 1654 imperatorum
1270 1617 1350 1642 non
1371 1603 1538 1641 turribus
1559 1604 1629 1641 sed

301 1671 479 1721 tropaeis,
515 1685 615 1721 quae
652 1671 782 1708 multis
813 1670 982 1708 victoriis
1018 1678 1098 1708 erat
1131 1669 1206 1707 iam
1240 1669 1307 1707 diu
1343 1668 1629 1718 triumphisque

300 1744 448 1786 pacata,
483 1738 538 1774 sic
573 1750 595 1775 a
630 1736 813 1781 barbaris,
848 1736 992 1785 quibus
1031 1743 1089 1773 est
1129 1742 1287 1785 propter
1320 1733 1519 1772 avaritiam
1555 1747 1629 1783 pax

300 1809 445 1852 erepta,
477 1810 633 1840 vexatur
672 1809 712 1839 ut
749 1801 1124 1839 'I‘hessalonicenses
1161 1801 1277 1850 positi
1309 1799 1346 1837 in
1380 1799 1528 1849 gremio
1558 1798 1627 1836 im-

300 1868 379 1917 peri
409 1867 527 1905 nostri
556 1867 775 1916 relinquere
803 1868 995 1916 oppidum
1021 1874 1058 1905 et
1085 1879 1215 1904 arcem
1247 1865 1397 1903 munire
1427 1872 1625 1914 cogantur,

300 1940 341 1970 ut
378 1932 439 1970 via
476 1932 539 1970 illa
574 1940 707 1970 nostra
751 1945 852 1981 quae
892 1946 959 1981 per
1002 1931 1283 1970 Macedoniam
1325 1938 1382 1969 est
1417 1944 1540 1980 usque
1577 1932 1628 1969 ad

303 1998 610 2047 Hellespontum
643 1996 815 2034 militaris
849 2010 929 2035 non
961 1998 1089 2034 solum
1120 1995 1415 2035 excursionibus
1450 1995 1629 2033 barbaro-

300 2075 384 2099 rum
419 2061 466 2100 sit
506 2062 655 2109 infesta,
691 2064 760 2100 sed
800 2062 916 2100 etiam
957 2061 1092 2099 castris
1132 2061 1333 2100 Thraeciis
1368 2060 1552 2099 distincta
1582 2075 1627 2099 ac

1658 841 1695 862 10

1656 1166 1690 1197 ¹5

1651 1490 1691 1510 20

1650 1813 1687 1845 25

300 2134 442 2165 notata.
506 2129 566 2165 Ita
587 2135 722 2177 gentes
745 2141 814 2166 eae
835 2141 947 2178 quae,
967 2135 1007 2165 ut
1029 2140 1126 2177 pace
1147 2134 1357 2173 uterentur,
1382 2126 1459 2164 vim
1480 2125 1626 2175 argenti
1647 2143 1688 2173 30

341 2241 360 2269 3
380 2231 454 2261 illos
478 2232 669 2271 Naugerius
685 2231 733 2271 (Γ
755 2243 761 2262 :
785 2231 840 2261 illo
854 2231 936 2261 PHt
1000 2242 1064 2269 ego
1078 2242 1137 2262 ero
1153 2231 1298 2272 Krcrfflrt
1390 2240 1424 2259 11
1445 2240 1625 2269 perversae

298 2274 386 2306 codd.
399 2279 530 2315 praeter
544 2275 675 2305 HGE?
695 2276 886 2313 (eversae):
916 2275 954 2313 cs.
973 2277 988 2311 ξ
1008 2286 1039 2313 7,
1061 2274 1168 2305 Valin.
1188 2277 1222 2311 ἐξ
1245 2284 1294 2313 19,
1313 2284 1353 2312 23
1468 2283 1504 2303 12
1531 2273 1625 2304 nobis

297 2323 376 2348 sunt
405 2318 537 2348 Bszt
563 2319 643 2348 all.:
677 2323 755 2348 sunt
784 2318 879 2348 nobis
907 2317 940 2347 P
964 2317 1037 2359 (scd
1065 2318 1150 2357 sign.
1180 2322 1303 2357 transp.
1332 2316 1407 2347 add.
1441 2328 1486 2347 m.
1519 2318 1548 2357 Ι)
1582 2328 1627 2347 wc

303 2362 340 2390 18
365 2362 475 2391 omnia
492 2361 547 2391 illa
564 2360 714 2392 HGEb?
823 2372 865 2391 20
882 2361 1067 2391 effecerunt
1086 2365 1123 2390 ut
1139 2361 1283 2391 Tischero
1300 2364 1384 2390 auct.
1404 2360 1532 2399 Kayser
1545 2360 1589 2390 ila
1605 2360 1625 2389 k

298 2414 341 2442 30
365 2415 519 2442 magnam
540 2406 629 2443 (aule
647 2404 730 2445 vim)
748 2404 855 2444 suppl.
878 2415 942 2434 van
959 2404 1016 2434 cler
1034 2404 1112 2434 Vliet
