1774 2782
276 147 348 183 DE
382 143 752 182 HARVSPICVM
785 142 1074 181 RESPONSO
1105 142 1322 180 ORA'I‘IO
1435 142 1518 177 612

1481 231 1504 269 7

137 263 275 301 stante,
297 255 405 292 omni
427 253 612 303 religione
628 266 706 290 una
721 260 854 290 mente
873 265 1012 290 omnes
1033 251 1304 289 liberaverunt.
1349 252 1462 300 Nego
1486 292 1523 322 13

138 332 325 368 umquam
347 325 434 368 post
455 331 562 355 sacra
582 317 806 363 constituta,
825 330 991 366 quorum
1014 317 1152 354 eadem
1175 323 1232 354 est
1253 315 1462 364 antiquitas

137 398 237 434 quae
258 383 377 433 ipsius
399 383 514 429 urbis,
539 384 616 420 ulla
642 383 692 420 dc
718 396 768 428 re,
789 396 838 420 ne
859 383 908 420 de
934 381 1060 431 capite
1088 381 1248 431 quidem
1271 380 1462 430 virginum

137 449 365 495 Vestalium,
390 456 469 486 tam
491 448 673 497 frequens
698 447 922 497 conlegium
945 446 1148 485 iudicasse.
1209 448 1461 495 Quamquam

99 532 115 562 5
137 515 187 552 ad
218 513 397 552 facinoris
427 512 741 562 disquisitionem
772 512 930 550 interest
959 513 1097 549 adesse
1125 524 1243 561 quam
1275 510 1462 561 plurimos

139 580 207 630 (ita
228 589 284 618 est
306 580 410 618 enim
433 579 699 629 interpretatio
727 579 791 617 illa
816 579 1059 629 pontificum,
1082 587 1125 617 ut
1145 578 1273 616 eidem
1296 587 1463 628 potesta-

138 653 217 683 tem
257 645 429 683 habeant
463 644 666 696 iudicum),
709 644 907 694 religionis
941 643 1163 693 explanatio
1195 645 1255 681 vel
1293 643 1343 681 ab
1384 656 1463 680 uno

138 710 324 759 pontifice
364 710 487 759 perito
524 717 628 747 recte
661 709 743 748 fieri
776 717 905 759 potest
941 709 1064 758 (quod
1097 708 1201 746 idem
1242 708 1280 745 in
1320 707 1464 745 iudicio

138 774 273 824 capitis
299 776 440 813 durum
467 784 585 824 atque
612 774 791 823 iniquum
815 774 900 824 est),
924 782 1058 811 tamen
1084 773 1138 811 sic
1166 772 1372 822 reperietis,
1396 773 1465 810 fre-

82 859 120 881 10
139 839 362 889 quentiores
383 839 589 889 pontifices
609 840 660 877 de
681 852 769 876 mea
788 839 910 876 domo
931 852 1049 887 quam
1071 851 1258 886 umquam
1280 838 1330 874 de
1350 836 1464 874 caeri-

138 903 280 942 moniis
319 903 509 953 virginum
548 903 751 941 iudicasse.
824 905 986 940 Postero
1026 902 1089 940 die
1127 901 1464 950 frequentissimus

138 976 295 1007 senatus
323 976 361 1007 te
391 970 554 1006 consule
581 968 798 1017 designato,
830 969 1008 1013 Lentule,
1032 966 1249 1005 sententiae
1277 965 1463 1016 principe,

139 1035 180 1071 P.
215 1035 384 1072 Lentulo
414 1042 454 1072 et
484 1035 533 1082 Q.
569 1035 734 1071 Metello
766 1033 995 1071 consulibus
1030 1031 1286 1070 referentibus
1318 1031 1462 1078 statuit,

137 1111 228 1136 cum
245 1112 383 1137 omnes
400 1098 606 1149 pontifices
626 1098 694 1148 qui
714 1106 824 1136 erant
845 1097 959 1135 huius
980 1097 1128 1135 ordinis
1149 1097 1343 1143 adessent,
1360 1110 1465 1134 cum-

81 1184 118 1216 15
139 1176 216 1213 que
242 1163 305 1201 alii
333 1163 400 1213 qui
428 1163 643 1201 honoribus
671 1162 806 1212 populi
835 1161 1007 1199 Romani
1033 1161 1323 1199 antecedebant
1343 1163 1465 1199 multa

138 1229 188 1266 de
209 1228 361 1278 conlegi
382 1228 528 1266 iudicio
549 1227 667 1266 verba
687 1227 880 1274 fecissent,
899 1240 1117 1275 omnesque
1134 1225 1238 1264 idem
1256 1225 1464 1264 scribendo

137 1294 330 1340 adessent,
353 1295 519 1332 domum
544 1307 672 1331 meam
699 1292 845 1331 iudicio
870 1291 1104 1342 pontificum
1126 1290 1311 1340 religione
1332 1291 1466 1330 libera-

138 1368 216 1397 tam
242 1359 376 1398 videri.
435 1361 496 1398 De
520 1361 596 1398 hoc
623 1359 737 1409 igitur
765 1361 853 1397 loco
871 1372 980 1396 sacro
1008 1356 1257 1407 potissimum
1285 1356 1466 1395 videntur
1487 1372 1524 1402 14

138 1424 362 1474 haruspices
389 1425 530 1472 dicere,
553 1424 619 1474 qui
644 1426 754 1462 locus
779 1425 884 1462 solus
911 1437 957 1461 ex
981 1421 1138 1472 privatis
1162 1423 1257 1460 locis
1277 1422 1464 1460 omnibus

81 1509 121 1530 20
140 1490 216 1527 hoc
246 1489 452 1540 praecipue
483 1490 574 1528 iuris
606 1490 735 1536 habet,
759 1497 802 1527 ut
835 1490 886 1527 ab
916 1488 1008 1539 ipsis
1039 1487 1106 1538 qui
1136 1487 1252 1525 sacris
1283 1495 1465 1537 praesunt

139 1567 246 1592 sacer
267 1568 346 1592 non
368 1568 452 1592 esse
473 1554 667 1592 iudicatus
688 1553 766 1592 sit?
820 1556 969 1591 Verum
988 1554 1138 1599 referte,
1161 1553 1270 1602 quod
1291 1565 1337 1590 ex
1357 1566 1463 1590 sena-

139 1627 199 1657 tus
221 1621 402 1657 consulto
422 1621 549 1658 facere
564 1619 730 1658 debetis.
792 1621 872 1656 Aut
886 1618 997 1656 vobis
1019 1617 1192 1667 cognitio
1212 1617 1378 1664 dabitur,
1399 1618 1465 1667 qui

139 1683 252 1733 primi
273 1685 321 1721 de
343 1685 415 1722 hac
433 1685 555 1722 domo
573 1684 807 1722 sententiam
824 1683 973 1722 dixistis
990 1691 1027 1721 et
1044 1696 1130 1721 eam
1151 1682 1336 1732 religione
1356 1682 1465 1720 omni

139 1748 340 1795 liberastis,
364 1756 429 1786 aut
457 1757 614 1787 senatus
642 1748 726 1798 ipse
753 1747 952 1794 iudicabit,
977 1747 1045 1797 qui
1070 1761 1152 1786 uno
1180 1747 1246 1785 illo
1267 1748 1350 1785 solo
1369 1747 1466 1785 anti-

81 1831 119 1861 25
138 1815 225 1852 stite
251 1828 446 1854 sacrorum
476 1815 733 1854 dissentiente
758 1815 1097 1865 frequentissimus
1125 1823 1240 1853 antea
1267 1812 1462 1860 iudicavit,

136 1880 314 1926 aut,—id
343 1881 452 1930 quod
483 1889 587 1919 certe
619 1882 805 1928 fiet‚—ad
838 1880 1043 1930 pontifices
1074 1879 1263 1925 reicietur,
1296 1891 1463 1928 quorum

136 1945 356 1983 auctoritati
388 1946 478 1983 fidei
504 1945 734 1994 prudentiae
765 1945 931 1983 maiores
962 1945 1082 1983 nostri
1113 1959 1219 1983 sacra
1245 1944 1466 1993 religiones-

137 2022 214 2058 que
244 2017 282 2047 et
310 2009 476 2059 privatas
505 2017 544 2047 et
573 2009 749 2058 publicas
780 2010 1120 2047 commendarunt.
1181 2009 1288 2056 Quid
1318 2020 1409 2056 ergo
1438 2005 1463 2043 ii

138 2082 301 2123 possunt
327 2074 434 2112 aliud
461 2074 632 2113 iudicare
660 2088 705 2112 ac
734 2074 1033 2112 iudicaverunt?
1103 2075 1253 2110 Multae
1282 2080 1370 2109 sunt
1398 2073 1465 2109 do-

79 2154 120 2184 30
138 2152 224 2176 mus
246 2139 285 2176 in
306 2140 378 2177 hac
400 2139 505 2185 urbe,
526 2147 653 2189 patres
675 2139 894 2189 conscripti,
913 2147 1031 2188 atque
1053 2139 1158 2176 haud
1180 2137 1260 2175 scio
1276 2150 1324 2175 an
1340 2149 1465 2186 paene

180 2255 199 2282 4
232 2243 440 2283 Quamquam
465 2248 543 2275 ela:
580 2245 625 2274 sic
649 2244 794 2279 distinxi,
821 2243 1016 2273 Muellerum
1044 2247 1181 2273 seculus.
1237 2240 1323 2271 Edd.
1351 2240 1466 2269 habent

138 2287 328 2317 iudicasse:
362 2298 561 2326 quamquam
591 2312 596 2318 .
627 2311 634 2318 .
666 2311 672 2317 .
699 2297 796 2326 quam
830 2287 1011 2325 plurimos;
1046 2287 1091 2316 ita
1123 2292 1173 2315 est
1204 2310 1210 2316 .
1238 2307 1245 2315 .
1269 2307 1276 2314 .
1306 2284 1462 2313 iudicum.

140 2330 330 2368 Religionis
357 2355 364 2362 .
396 2355 402 2361 .
438 2355 445 2362 .
477 2331 547 2361 fieri
582 2335 703 2370 potest,
739 2331 827 2369 quod
857 2353 864 2360 .
898 2354 905 2360 .
935 2355 942 2362 .
974 2330 1122 2368 iniquum
1155 2334 1228 2358 est:
1265 2332 1378 2357 tamen
1410 2330 1462 2358 etc.

136 2383 158 2412 9
181 2378 273 2404 esset
290 2373 398 2404 Halm
529 2375 570 2404 28
596 2375 615 2404 ii
633 2374 684 2404 P:
711 2374 742 2403 hi
760 2373 865 2404 Bllkt
