1774 2782
233 140 280 166 10
303 145 342 175 24
667 129 724 166 M.
755 126 923 164 TVLLI
955 124 1261 164 CICERONIS

243 639 278 669 25

248 894 284 921 11

248 1608 287 1639 26

299 235 495 274 neminem
536 248 723 284 umquam
768 234 996 283 potuissent,
1039 233 1063 270 ii
1103 235 1247 271 summi
1286 232 1425 282 imperi
1464 233 1625 272 nomine

297 300 432 339 armati
455 313 534 338 rem
557 299 754 348 publicam
777 299 1110 336 contrucidarunt.
1162 299 1320 336 Foedus
1341 299 1517 336 fecerunt
1533 312 1623 336 cum

298 365 456 403 tribuno
484 364 608 414 plebis
634 365 774 413 palam,
798 371 840 400 ut
869 363 919 401 ab
950 376 997 401 eo
1027 362 1247 413 provincias
1276 362 1500 412 acciperent
1529 377 1626 413 quas

298 429 370 479 ipsi
388 430 541 476 vellent,
561 428 773 467 exercitum
796 435 833 466 et
855 429 1062 478 pecuniam
1084 435 1272 477 quantam
1290 429 1445 475 vellent,
1465 441 1509 466 ea
1530 429 1625 478 lege,

300 493 330 532 si
362 495 433 543 ipsi
466 495 570 543 prius
603 494 762 531 tribuno
795 492 920 543 plebis
954 492 1152 531 adflictam
1186 500 1224 530 et
1259 494 1511 530 constrictam
1546 506 1627 531 rem
1649 505 1665 536 5

300 560 498 610 publicam
516 558 768 597 tradidissent
785 573 792 596 z
822 558 862 596 id
879 565 1010 596 autern
1029 559 1169 595 foedus
1186 570 1277 595 meo
1298 557 1487 607 sanguine
1509 557 1628 596 ictum

301 624 439 663 sanciri
461 637 575 675 posse
596 624 792 662 dicebant.
854 625 945 672 Qua
965 635 1005 661 re
1025 623 1406 672 patefacta-neque
1430 622 1536 660 enim
1557 623 1630 661 dis-

301 691 472 728 simulari
508 696 660 728 tantum
697 690 823 727 scelus
859 696 1010 737 poterat
1045 700 1118 725 nec
1157 689 1630 738 latere-promulgantur

302 769 382 793 uno
413 756 636 804 eodemque
667 761 845 804 tempore
876 753 1099 803 rogationes
1133 753 1183 791 ab
1215 754 1358 791 eodem
1391 753 1548 792 tribuno
1580 755 1630 792 de

302 834 389 859 mea
410 820 581 870 pernicie
602 827 639 857 et
660 820 709 858 de
731 820 939 869 provinciis
960 820 1167 857 consulum
1189 817 1434 856 nominatim.
1653 833 1691 854 10

359 885 439 923 Hic
460 893 542 923 tum
571 891 728 922 senatus
750 884 950 930 sollicitus,
973 896 1053 929 vos,
1077 883 1229 932 equites
1256 884 1443 931 Romani,
1463 882 1628 930 excitati,

305 950 418 988 Italia
450 956 592 987 cuncta
626 956 816 998 permota,
850 960 988 986 omnes
1023 947 1196 997 denique
1230 947 1409 985 omnium
1443 960 1630 997 generum

302 1023 420 1065 atque
440 1015 623 1053 ordinum
641 1013 745 1052 cives
763 1025 940 1051 summae
957 1011 1010 1050 rei
1027 1012 1209 1062 publicae
1229 1026 1252 1050 a
1268 1012 1497 1051 consulibus
1513 1020 1631 1062 atque

301 1095 323 1119 a
358 1093 513 1119 summo
548 1079 712 1129 imperio
746 1079 961 1128 petendum
995 1091 1080 1116 esse
1112 1077 1298 1116 auxilium
1330 1077 1632 1125 arbitrabantur,

302 1160 392 1184 cum
414 1145 466 1183 illi
489 1144 561 1183 soli
583 1151 712 1183 essent
735 1151 886 1193 praeter
907 1144 1096 1181 furiosum
1118 1144 1227 1180 illum
1252 1142 1455 1181 tribunum
1475 1143 1556 1181 duo
1577 1141 1631 1180 rei
1654 1161 1690 1192 15

302 1211 484 1262 publicae
513 1209 699 1255 turbines,
724 1210 790 1258 qui
820 1221 901 1246 non
928 1209 1050 1246 modo
1076 1207 1346 1258 praecipitanti
1375 1207 1521 1258 patriae
1550 1221 1630 1246 non

304 1276 567 1321 subvenirent,
603 1275 672 1312 sed
705 1287 791 1312 eam
825 1272 990 1311 nimium
1024 1273 1133 1311 tarde
1162 1272 1372 1311 concidere
1402 1280 1630 1311 maererent.

305 1341 569 1391 Flagitabatur
590 1341 640 1378 ab
662 1339 720 1377 his
749 1340 894 1377 cotidie
918 1352 1008 1376 cum
1039 1339 1206 1387 querelis
1232 1338 1428 1376 bonorum
1453 1339 1632 1375 omnium

304 1414 386 1444 tum
415 1406 531 1444 etiam
560 1404 741 1456 precibus
767 1411 936 1451 senatus,
960 1411 1002 1442 ut
1030 1416 1158 1442 meam
1187 1417 1345 1441 causam
1377 1403 1629 1453 susciperent,

304 1479 462 1521 agerent
487 1471 650 1521 aliquid,
670 1471 844 1520 denique
870 1471 920 1508 ad
946 1476 1126 1507 senatum
1157 1470 1366 1507 referrent:
1403 1481 1483 1506 non
1511 1469 1632 1506 modo
1654 1484 1694 1506 20

306 1539 498 1587 negando,
523 1538 592 1575 sed
614 1537 730 1574 etiam
760 1535 969 1574 inridendo
996 1533 1283 1583 amplissimum
1312 1546 1511 1583 quemque
1531 1532 1633 1570 illius

307 1602 454 1642 ordinis
493 1602 811 1651 insequebantur.
892 1601 973 1638 Hic
1013 1599 1145 1637 subito
1183 1612 1274 1636 cum
1315 1598 1555 1637 incredibilis
1593 1597 1633 1635 in

307 1667 546 1717 Capitolium
582 1667 794 1704 multitudo
825 1679 871 1704 ex
903 1672 985 1703 tota
1016 1665 1114 1703 urbe
1145 1672 1367 1713 cunctaque
1400 1663 1514 1701 Italia
1543 1676 1635 1701 con-

306 1733 485 1779 venisset,
504 1739 651 1769 vestem
674 1731 904 1768 mutandam
922 1743 1060 1768 omnes
1078 1742 1220 1779 meque
1242 1730 1319 1766 iam
1340 1729 1449 1767 omni
1470 1729 1631 1775 ratione,

307 1799 458 1847 privato
499 1796 674 1843 consilio,
718 1795 905 1846 quoniam
950 1795 1117 1845 publicis
1161 1794 1329 1832 ducibus
1374 1807 1434 1832 res
1476 1794 1633 1844 publica
1654 1807 1692 1838 25

307 1870 463 1908 careret,
480 1863 777 1900 defendendum
791 1868 987 1911 putarunt.
1021 1862 1114 1898 Erat
1131 1860 1272 1898 eodem
1287 1868 1463 1910 tempore
1476 1867 1635 1898 senatus

306 1927 346 1966 in
376 1929 474 1965 aede
505 1926 765 1973 Concordiae,
798 1927 907 1976 quod
940 1927 1066 1976 ipsum
1099 1926 1290 1974 templum
1321 1924 1636 1974 repraesentabat

354 2041 365 2060 1
394 2032 414 2061 ii
437 2031 485 2062 G:
510 2031 556 2061 hii
573 2031 615 2062 P1
632 2043 637 2062 :
666 2032 698 2062 hi
717 2031 793 2061 1³25
958 2042 976 2061 2
1001 2031 1118 2061 armati
1136 2035 1201 2060 tam
1219 2029 1281 2060 PG
1299 2028 1418 2069 (sedin
1436 2029 1469 2058 P
1481 2027 1594 2058 litteris
1612 2028 1636 2058 ti

308 2080 373 2105 tam
403 2086 494 2106 man.
520 2086 575 2106 sec.
603 2076 792 2115 expmtclz's:
823 2073 909 2105 unde
933 2085 1024 2105 arma
1049 2074 1145 2105 ΒΣΗ
1178 2078 1340 2104 armatam
1368 2072 1492 2102 Hertz:
1522 2071 1636 2102 armati

309 2123 434 2149 tantam
457 2119 598 2157 Maelzlyg
618 2129 699 2149 arm.
725 2124 805 2154 tum,
829 2124 951 2154 tamen,
976 2123 1088 2148 totam.
1115 2122 1278 2155 cunctam,
1302 2117 1385 2146 clam
1408 2115 1485 2146 alii:
1519 2115 1636 2146 armati

309 2163 467 2192 nudatam
502 2162 703 2192 Imelmann.
763 2161 858 2191 Num
891 2162 1009 2191 armati
1041 2161 1254 2191 universam?
1362 2159 1637 2189 contrucidarunt

308 2205 418 2235 PBZ:
444 2210 599 2236 -averunt
615 2205 684 2236 edd.
841 2206 861 2234 6
886 2205 988 2235 ictum
1010 2204 1110 2245 codd,
1139 2204 1196 2234 del.
1222 2203 1312 2233 Nolzl
1336 2202 1409 2243 (sed
1429 2202 1466 2241 cf.
1493 2201 1635 2240 loquaci-

308 2254 411 2280 tatem
435 2273 441 2280 .
469 2273 475 2280 .
504 2274 510 2280 .
535 2249 704 2279 inretitam
738 2249 947 2278 retardarem
981 2247 1050 2278 Vat.
1081 2251 1095 2285 ᾗ
1122 2248 1180 2287 2):
1219 2251 1346 2277 tantum
1379 2245 1481 2281 Koch,
1513 2246 1637 2274 iustum

314 2292 482 2323 Weidner:
523 2293 688 2331 sanguine
722 2293 762 2322 ici
796 2302 893 2329 posse
927 2291 1107 2331 Pluygers:
1142 2291 1223 2330 fort.
1254 2290 1295 2320 ici
1324 2294 1356 2319 et
1383 2289 1505 2318 sanciri
1535 2297 1637 2327 posse

311 2346 348 2374 17
375 2347 448 2367 eam
478 2336 510 2366 P
531 2336 593 2366 rell.
621 2340 751 2374 praeter
777 2334 804 2365 G
832 2335 962 2373 (getiam)
1100 2336 1138 2365 18
1164 2334 1215 2364 his
1237 2333 1270 2363 P
1290 2333 1352 2363 rell.
1374 2335 1501 2372 praeter
1518 2330 1544 2360 G
1567 2331 1635 2369 (iis)

309 2390 351 2410 20
375 2385 521 2419 agerent,
538 2379 661 2418 aliquid
681 2379 824 2418 denique
844 2382 881 2408 ut
895 2379 981 2418 vulg.
1000 2378 1044 2408 ila
1061 2377 1254 2408 dz'slz'nxitB
1355 2387 1395 2413 24
1420 2375 1485 2405 iam
1503 2372 1639 2404 Madau:

309 2423 407 2453 etiam
426 2422 513 2453 codd.
532 2433 538 2452 :
564 2423 655 2452 omni
674 2422 805 2452 ratione
822 2422 922 2452 etiam
942 2421 1081 2461 Koechly
