1774 2782
267 127 317 172 38
341 143 398 163 102
703 126 757 161 M.
789 124 957 160 TVLLI
989 122 1294 161 CICERONIS

337 234 470 283 populi
502 232 671 271 Romani
704 231 872 281 dignitas
900 231 1101 277 sustinere,
1131 232 1219 268 vivo
1244 237 1394 276 senatu,
1424 230 1534 267 vobis
1563 231 1661 279 prin-

337 299 489 348 cipibus
520 298 666 348 publici
694 297 845 343 consili,
878 303 920 334 ut
947 296 1090 334 domus
1120 297 1175 334 M.
1204 295 1309 333 Tulli
1340 294 1544 334 Ciceronis
1571 308 1661 333 cum

336 365 458 402 domo
481 363 590 400 Fulvi
614 362 742 401 Flacci
758 363 809 400 ad
831 362 1061 400 memoriam
1084 375 1235 411 poenae
1252 361 1409 411 publice
1427 361 1663 400 constitutae

337 429 546 466 coniuncta
567 441 653 466 esse
672 427 878 465 videatur?
938 429 992 464 M.
1013 428 1175 464 Flaccus
1197 427 1289 476 quia
1304 439 1394 464 curn
1417 426 1462 465 C.
1481 426 1663 464 Graccho

337 500 472 530 contra
493 494 658 531 salutem
681 492 735 531 rei
762 491 943 542 publicae
969 492 1111 529 fecerat
1139 505 1184 529 ex
1212 498 1370 529 senatus
1391 490 1586 529 sententia
1605 499 1663 529 est
1686 508 1701 538 5

338 557 588 605 interfectus3
617 559 699 595 eius
720 558 863 595 domus
885 569 1017 595 eversa
1034 564 1070 594 et
1089 556 1289 606 publicata
1309 564 1391 602 est;
1422 555 1461 593 in
1482 569 1559 605 qua
1580 569 1663 606 por-

337 622 457 660 ticum
488 630 575 672 post
614 621 816 671 aliquanto
846 622 895 669 Q.
931 621 1095 659 Catulus
1129 621 1179 658 de
1219 619 1415 658 manubiis
1455 620 1663 658 Cimbricis

337 688 438 726 secit.
499 689 579 725 Ista
600 694 732 725 autem
755 687 815 724 fax
836 699 882 724 ac
904 685 1000 723 furia
1023 685 1168 735 patriae
1189 698 1279 723 cum
1302 685 1439 724 urbem
1462 687 1605 724 Pisone
1626 695 1662 725 et

337 753 510 791 Gabinio
529 753 697 791 ducibus
710 753 888 802 cepisset,
908 760 1151 801 occupasset,
1171 758 1329 798 teneret,
1347 765 1427 789 uno
1440 752 1663 802 eodemque

336 826 512 868 tempore
525 826 563 856 et
578 817 779 855 clarissimi
794 817 862 854 viri
879 816 1019 854 mortui
1037 824 1295 854 monumenta
1308 816 1465 854 delebat
1479 823 1517 854 et
1535 829 1662 855 meam
1690 837 1722 859 10

335 885 498 922 domum
512 896 601 921 cum
624 882 751 920 Flacci
767 883 889 920 domo
905 880 1181 930 coniungebat,
1199 888 1251 927 ut,
1267 894 1345 930 qua
1362 894 1489 930 poena
1505 890 1663 920 senatus

334 950 530 986 adfecerat
560 960 778 986 eversorem
809 946 986 993 civitatis,
1019 947 1158 984 eadem
1201 945 1271 983 iste
1305 959 1493 995 oppresso
1525 954 1662 984 senatu

334 1015 518 1052 adficeret
557 1026 648 1051 eum
687 1025 804 1062 quem
847 1020 974 1061 patres
1021 1012 1231 1061 conscripti
1271 1012 1478 1049 custodem
1518 1011 1664 1060 patriae

336 1079 585 1117 iudicassent.
645 1080 763 1115 Hanc
793 1090 884 1115 vero
914 1076 953 1114 in
990 1078 1141 1114 Palatio
1173 1084 1292 1126 atque
1327 1076 1365 1113 in
1401 1077 1663 1126 pulcherrimo

335 1143 440 1181 urbis
462 1145 551 1181 loco
572 1142 766 1193 porticum
787 1155 872 1180 esse
894 1141 1107 1191 patiemini,
1131 1141 1268 1179 furoris
1289 1140 1484 1188 tribunici,
1508 1141 1663 1179 sceleris
1688 1160 1722 1192 15

335 1209 559 1255 consularis,
577 1207 815 1246 crudelitatis
832 1208 1135 1253 coniuratorum,
1151 1206 1383 1245 calamitatis
1398 1205 1450 1245 rei
1469 1206 1661 1256 publicae,

336 1274 481 1312 doloris
509 1274 584 1312 mei
610 1275 782 1312 defixum
814 1272 1003 1311 indicium
1029 1273 1080 1310 ad
1108 1273 1337 1310 memoriam
1368 1273 1544 1309 omnium
1574 1285 1663 1321 gen-

336 1339 432 1377 tium
455 1340 763 1389 sempiternam?
784 1351 900 1387 quam
918 1338 1122 1386 porticum,
1140 1350 1209 1387 pro
1225 1349 1358 1375 amore
1375 1350 1492 1386 quem
1511 1337 1662 1375 habetis

335 1405 374 1442 in
402 1418 483 1443 rein
507 1405 706 1454 publicam
733 1411 770 1442 et
795 1417 950 1453 semper
977 1403 1179 1449 habuistis,
1203 1416 1282 1441 non
1311 1404 1432 1441 modo
1459 1404 1661 1441 sententiis

334 1470 415 1515 sed,
440 1469 469 1507 si
493 1482 591 1519 opus
617 1476 729 1516 esset,
754 1469 936 1506 manibus
964 1467 1100 1506 vestris
1121 1468 1339 1506 disturbare
1360 1468 1564 1518 cuperetis,
1588 1469 1660 1506 nisi
1683 1487 1720 1507 20

334 1548 452 1584 quem
476 1536 572 1572 forte
594 1536 695 1572 illius
716 1534 918 1572 castissimi
942 1533 1156 1572 sacerdotis
1177 1533 1444 1583 superstitiosa
1464 1534 1661 1572 dedicatio

334 1601 511 1639 deterret.

254 1678 315 1711 104
388 1665 427 1703 O
447 1677 525 1701 rem
547 1677 665 1714 quam
681 1665 862 1702 homines
882 1665 998 1702 soluti
1021 1664 1146 1702 ridere
1163 1677 1242 1701 non
1259 1663 1451 1709 desinant,
1476 1663 1660 1702 tristiores

333 1737 464 1767 autem
487 1729 572 1768 sine
591 1730 761 1767 maximo
789 1730 923 1767 dolore
943 1730 1079 1768 audire
1103 1742 1183 1768 non
1213 1730 1386 1779 possint!
1445 1729 1660 1767 Publiusne

334 1794 510 1841 Clodius,
534 1795 599 1844 qui
631 1808 676 1832 ex
706 1793 902 1843 pontificis
931 1794 1088 1832 maximi
1109 1795 1231 1833 domo
1258 1794 1485 1844 religionem
1507 1793 1656 1843 eripuit,
1680 1811 1716 1843 25

334 1860 365 1897 is
386 1859 425 1896 in
448 1871 574 1896 meam
603 1860 760 1897 intulit?
819 1859 984 1897 Huncin
1012 1873 1092 1906 vos,
1116 1859 1183 1909 qui
1210 1858 1302 1897 estis
1328 1858 1520 1897 antistites
1544 1861 1660 1897 caeri-

335 1923 553 1961 moniarum
589 1931 626 1962 et
667 1937 877 1970 sacrorum,
919 1932 1119 1962 auctorem
1160 1923 1312 1962 habetis
1352 1932 1390 1962 et
1433 1924 1658 1974 magistrum

335 1989 515 2038 publicae
554 1988 778 2037 religionis?
837 1990 872 2027 O
912 1989 952 2027 di
992 1990 1230 2027 immortales
1251 1992 1383 2027 l—-vos
1418 1989 1522 2027 enim
1562 1990 1658 2027 haec

332 2054 466 2091 audire
487 2055 701 2102 cupio—P.
727 2055 892 2092 Clodius
913 2061 1038 2091 vestra
1059 2067 1166 2091 sacra
1186 2062 1304 2100 curat,
1324 2062 1491 2092 vestrum
1511 2068 1658 2092 numen

332 2119 473 2164 horret,
498 2131 556 2155 res
578 2118 705 2155 omnis
728 2120 919 2156 humanas
941 2118 1127 2168 religione
1156 2127 1280 2157 vestra
1307 2119 1497 2158 contineri
1520 2122 1659 2170 putat?
1678 2137 1718 2167 30

334 2182 413 2220 Hic
453 2197 531 2221 non
573 2184 713 2221 inludit
747 2183 968 2222 auctoritati
1008 2185 1148 2222 horum
1188 2184 1366 2222 omnium
1405 2186 1472 2234 qui
1512 2186 1656 2223 adsunt

275 1116 315 1144 03

376 2298 395 2326 3
421 2288 464 2317 M.
486 2288 576 2318 Fulvi
597 2287 756 2320 Momms.
930 2299 967 2318 10
991 2293 1024 2319 et
1041 2299 1149 2319 meam
1166 2288 1265 2319 ku:
1292 2300 1398 2319 meam
1418 2295 1451 2320 et
1469 2289 1501 2319 P
1514 2294 1542 2320 el
1552 2290 1633 2330 pler.
1650 2303 1656 2322 ε

333 2341 439 2360 meam
457 2332 557 2361 etiam
578 2331 605 2361 G
739 2342 778 2370 23
804 2331 905 2362 soluti
923 2331 1122 2363 Manutius:
1146 2332 1245 2362 soluti
1264 2342 1282 2362 a
1300 2333 1348 2373 (et
1370 2333 1404 2368 k&
1426 2342 1503 2363 cura
1526 2333 1655 2364 liberati

333 2374 434 2405 PHffl
445 2378 473 2404 et
484 2374 561 2414 pler.
579 2390 584 2405 :
603 2375 661 2405 sol.
675 2386 693 2404 a
707 2385 784 2405 cura
798 2381 829 2405 et
846 2375 899 2406 lib.
914 2375 1078 2415 Angelius
1180 2377 1221 2406 26
1245 2377 1271 2406 is
1287 2376 1318 2406 in
1331 2380 1368 2406 ut
1382 2376 1490 2406 Halm
1501 2377 1544 2406 ila
1558 2377 1635 2407 ku
1648 2389 1654 2408 z

334 2419 362 2447 is
378 2418 463 2449 codd.
481 2423 608 2457 praeter
622 2418 639 2446 b
659 2419 722 2458 sin)
845 2418 981 2449 Huncin
1000 2419 1089 2450 codd.
1107 2425 1233 2459 praeter
1252 2419 1279 2449 G
1298 2421 1486 2459 (huncineN,
1506 2425 1518 2450 t
1535 2421 1654 2461 (hunc)

333 2462 384 2491 kls-¹
407 2462 502 2498 *hunc
522 2461 575 2500 ind
594 2462 627 2491 in
