1774 2782
704 137 1111 180 PRAEFATIO

245 269 373 309 quem
406 261 577 295 secutus
606 253 824 294 Savelsius
849 247 999 304 (1828)
1020 256 1160 290 totam
1191 263 1280 290 rem
1315 249 1568 302 profligasse

245 324 325 365 sibi
356 330 417 364 est
441 324 555 363 visus
576 336 674 362 cum
705 321 746 360 id
774 325 921 372 ageret
952 324 999 358 ut
1027 317 1159 358 fidem
1189 325 1231 358 et
1263 318 1566 359 auctoritatem

244 393 484 433 orationum
503 391 772 443 culpatarum
789 388 1027 428 vindicaret
1042 387 1124 427 tria
1140 387 1371 439 praecipue
1387 387 1567 427 demon-

244 460 452 501 strando:
508 459 710 513 primum,
756 472 782 498 a
832 456 981 496 Tullio
1026 468 1072 495 re
1113 468 1216 496 vera
1255 455 1437 508 scriptas
1477 469 1569 496 esse

244 529 456 571 orationes
489 529 542 568 de
580 529 705 568 rebus
742 540 852 579 quae
886 525 927 565 in
961 524 1028 565 his
1064 531 1270 577 quattuor
1300 524 1568 565 orationibus

244 604 574 652 pertractentur,
588 597 744 638 deinde
760 610 833 635 eas
847 609 955 648 quas
971 607 1084 634 nunc
1100 592 1338 634 habeamus
1353 594 1568 635 orationes

246 669 331 708 iam
369 667 468 707 inde
509 667 564 707 ab
601 666 730 719 ipsius
768 665 900 704 Tullii
933 670 1078 705 aetate
1109 677 1243 716 usque
1280 663 1336 703 ad
1369 669 1569 717 tempora

248 737 446 777 Prisciani
483 750 651 788 semper
681 735 737 776 ab
776 734 980 775 omnibus
1020 747 1100 788 pro
1139 746 1240 773 vere
1276 731 1569 774 Ciceronianis

246 806 416 846 habitas
453 812 493 846 et
525 805 723 845 laudatas
755 817 861 853 esse,
889 811 1110 856 postremo
1138 801 1241 842 nihil
1273 801 1315 842 in
1349 801 1400 841 iis
1431 801 1569 842 inesse

247 876 364 927 quod
395 875 451 914 ab
486 875 579 927 ipso
615 872 822 914 Cicerone
857 886 946 912 non
981 872 1169 926 potuerit
1205 869 1432 924 proficisci.
1493 869 1570 912 Ab

246 943 379 983 altera
420 950 542 996 parte
584 956 728 983 rursus
760 948 878 981 stans
914 940 962 981 C.
997 941 1047 981 L.
1078 940 1262 992 Kayser,
1300 940 1342 980 in
1382 939 1572 980 editione

249 1012 308 1052 M.
332 1012 381 1052 T.
408 1011 628 1052 Ciceronis
660 1024 839 1065 operum
872 1010 971 1064 (vol.
1001 1010 1054 1059 iv,
1076 1024 1115 1063 p.
1140 1023 1181 1063 9,
1208 1009 1350 1064 1863),
1377 1009 1571 1051 invectus

247 1087 310 1120 est
355 1081 396 1120 in
438 1082 515 1120 has
564 1081 780 1121 orationes
828 1086 875 1119 ut
915 1079 961 1119 in
1000 1080 1156 1132 quibus
1192 1079 1341 1119 omnia
1380 1079 1569 1132 aliquem

248 1148 518 1202 eloquentiae
541 1150 796 1203 magistrum
819 1149 1070 1197 redolerent,
1092 1148 1167 1202 qui
1194 1156 1241 1189 ut
1261 1148 1570 1201 antiquitatum

248 1225 289 1258 et
311 1218 512 1259 historiae
541 1219 834 1271 cognitionem
866 1232 966 1258 cum
998 1219 1190 1270 quadam
1220 1218 1349 1270 copia
1379 1223 1423 1257 et
1452 1216 1572 1257 volu-

249 1288 419 1328 bilitate
445 1288 676 1328 verborum
708 1287 789 1327 sibi
820 1287 1175 1339 comparavisset,
1198 1286 1259 1326 ita
1289 1286 1452 1339 ingenii
1483 1285 1571 1325 vim

249 1364 290 1396 et
326 1357 606 1406 celeritatem,
629 1356 777 1396 decori
803 1369 987 1404 sensum,
1007 1355 1156 1396 iudicii
1182 1369 1382 1405 acumen,
1403 1354 1572 1395 dicendi

250 1426 511 1466 suavitatem
542 1433 583 1466 et
617 1425 809 1479 leporem
836 1439 923 1465 non
949 1424 1163 1478 potuisset
1183 1423 1379 1477 adipisci.
1440 1423 1572 1477 Quod

251 1496 581 1549 argumentandi
613 1508 747 1548 genus
775 1508 908 1547 quam
937 1494 1074 1534 multa
1103 1494 1145 1533 in
1171 1506 1217 1534 se
1244 1493 1404 1534 habeat
1435 1492 1571 1533 sutilia

251 1578 306 1603 ex
353 1578 405 1604 eo
445 1564 556 1604 clare
603 1564 829 1617 apparebit
869 1564 986 1617 quod
1026 1563 1182 1604 iisdem
1221 1562 1461 1603 rationibus
1510 1562 1573 1601 usi

253 1635 613 1687 impugnaverunt
647 1634 720 1674 alii
754 1633 970 1674 orationes
1002 1640 1093 1673 tam
1128 1639 1245 1674 certe
1273 1631 1574 1672 Ciceronianas

254 1716 383 1755 quam
409 1702 557 1755 procul
580 1703 714 1743 dubio
735 1710 833 1743 sunt
856 1703 953 1742 illae
980 1702 1020 1742 in
1044 1702 1276 1743 Catilinam
1299 1701 1485 1742 habitae.

313 1771 426 1812 Sane
450 1773 491 1811 in
515 1773 716 1812 omnibus
739 1778 945 1825 quattuor
970 1771 1237 1812 orationibus
1265 1776 1363 1824 post
1389 1769 1574 1810 reditum

254 1841 424 1888 habitis,
442 1848 483 1881 et
505 1842 734 1894 praecipue
753 1842 793 1881 in
812 1841 953 1894 prima
969 1847 1012 1880 et
1032 1840 1180 1889 altera,
1195 1839 1277 1880 loci
1294 1840 1576 1880 obversantur

255 1910 471 1950 interdum
504 1911 578 1963 qui
608 1910 949 1950 declamatorem
980 1909 1126 1962 potius
1153 1909 1356 1950 videntur
1384 1907 1576 1949 redolere

255 1993 385 2032 quam
424 1993 644 2019 summum
686 1979 808 2019 illum
845 1993 976 2031 quem
1013 1979 1214 2019 novimus
1249 1984 1497 2018 oratorem:
1532 1976 1574 2016 in

255 2049 411 2101 quibus
439 2049 634 2089 tumidae
665 2049 881 2089 exsistunt
912 2055 954 2089 et
984 2048 1114 2088 tritae
1145 2047 1395 2096 sententiae,
1415 2044 1575 2086 insulsa

256 2117 402 2169 dictio,
431 2117 554 2170 quasi
590 2118 772 2158 rhetoris
800 2117 982 2158 alicuius
1012 2117 1263 2172 plenissimo
1297 2128 1466 2169 semper
1503 2129 1576 2155 ore

256 2186 586 2227 declamitantis.
648 2186 738 2228 Sed
766 2186 894 2227 nimis
920 2187 962 2227 in
986 2187 1168 2240 singulis
1188 2185 1518 2226 elaboraverunt
1547 2183 1574 2223 ii

257 2255 331 2308 qui
371 2254 501 2296 fidem
543 2255 609 2296 his
645 2256 915 2296 orationibus
952 2256 1183 2310 derogant,
1214 2254 1372 2294 indicia
1411 2253 1576 2294 alienae

257 2338 407 2364 manus
429 2325 566 2364 acutis
589 2325 762 2365 naribus
788 2324 1069 2379 indagantes:
1090 2324 1191 2379 plus
1214 2322 1425 2364 momenti
1447 2322 1575 2363 debet

257 2392 412 2433 habere
444 2395 638 2434 universa
661 2401 703 2434 et
726 2394 873 2435 innata
896 2396 1057 2435 sanitas
1080 2407 1210 2446 quam
1237 2406 1349 2445 quae
1381 2391 1575 2432 maculae

898 2476 936 2500 IV
