1774 2782
236 117 287 154 54
315 115 372 145 116
676 110 730 145 M.
762 109 929 146 TvLLr
963 107 1270 145 CICERONIS

306 206 449 264 virtuti,
469 218 623 266 Gaique
647 218 759 263 Mari,
781 215 1062 255 conservatoris
1089 216 1205 253 huius
1233 215 1380 265 imperi,
1405 230 1636 255 monumen-

305 289 387 319 tum
428 282 615 331 municipi
655 283 737 320 eius
781 289 817 319 et
856 281 909 319 rei
948 280 1129 330 publicae
1168 281 1365 319 defensori
1404 283 1539 320 sedem
1585 284 1635 321 ad

305 348 469 384 salutem
500 346 753 395 praebuisset.

361 412 453 459 Quo
481 412 640 460 quidem
669 419 846 460 tempore
871 412 967 459 quid
993 413 1162 460 populus
1192 412 1399 449 Romanus
1425 413 1568 450 sentire
1593 426 1634 449 se

305 477 531 514 ostenderet
553 484 718 525 utroque
742 477 780 512 in
805 489 947 525 genere
972 477 1215 514 declaratum
1240 483 1320 514 est:
1352 475 1522 524 primum
1543 490 1633 513 cum
1655 492 1672 522 5

304 542 440 578 audito
461 548 618 579 senatus
639 542 820 578 consulto
837 542 889 578 rei
911 540 983 589 ipsi
1004 548 1123 589 atque
1139 540 1291 578 absenti
1307 541 1456 578 senatui
1476 542 1634 589 plausus

305 613 363 643 est
402 607 453 643 ab
492 605 681 643 universis
721 607 847 653 (latus,
885 606 1031 643 deinde
1063 618 1154 642 cum
1191 604 1438 643 senatoribus
1473 605 1633 655 singulis

305 678 525 720 spectatum
554 684 575 709 e
600 678 738 708 senatu
764 670 1046 708 redeuntibus:
1082 683 1172 707 curn
1199 683 1290 708 vero
1315 671 1398 720 ipse
1425 671 1491 719 qui
1519 672 1633 709 ludos

305 735 473 774 faciebat
503 737 639 773 consul
674 735 838 782 adsedit,
871 742 1018 773 stantes
1048 735 1082 773 ei
1118 734 1300 772 manibus
1336 736 1460 784 passis
1491 736 1632 784 gratias

304 809 464 850 agentes
485 808 523 838 et
544 802 790 838 lacrimantes
811 801 956 850 gaudio
981 813 1091 838 suam
1121 813 1210 849 erga
1237 814 1299 838 me
1324 799 1632 838 benivolentiam
1656 815 1693 835 10

304 880 349 903 ac
374 866 679 904 misericordiam
710 867 966 904 declararunt.
1025 868 1078 903 At
1108 879 1198 903 cum
1224 865 1288 903 ille
1312 865 1546 903 furibundus
1575 865 1633 902 in-

303 933 419 969 citata
445 931 509 968 illa
533 944 603 968 sua
630 932 810 968 vaecordi
844 939 975 969 mente
1000 930 1180 977 venisset,
1208 932 1269 968 vix
1295 944 1336 969 se
1364 932 1533 981 populus
1555 932 1632 969 Ro-

304 1011 443 1034 manus
460 998 596 1042 tenuit,
614 997 675 1033 vix
692 997 872 1034 homines
887 996 1022 1034 odium
1038 1009 1152 1034 suum
1165 1010 1187 1034 a
1201 1009 1365 1045 corpore
1379 997 1462 1034 eius
1479 995 1633 1046 impuro

302 1070 421 1111 atque
449 1062 612 1100 infando
640 1069 929 1112 represserunt,
959 1075 1076 1100 voces
1098 1063 1259 1111 quidem
1282 1070 1319 1099 et
1340 1063 1556 1111 palmarum
1578 1063 1633 1100 in-

222 1137 280 1167 118
302 1136 432 1166 tentus
453 1135 490 1165 et
514 1128 810 1165 maledictorum
832 1129 1043 1165 clamorem
1066 1141 1204 1165 omnes
1226 1128 1493 1176 profuderunt.
1554 1128 1632 1166 Sed
1655 1140 1692 1171 15

301 1194 397 1242 quid
419 1207 491 1242 ego
512 1192 646 1242 populi
672 1194 840 1230 Romani
865 1192 1041 1230 animum
1067 1192 1328 1241 virtutemque
1350 1205 1629 1244 commemoro²

301 1258 519 1296 libertatem
536 1259 611 1295 iam
626 1270 671 1295 ex
688 1259 873 1295 diuturna
886 1257 1068 1295 servitute
1083 1257 1336 1306 dispicientis,
1355 1258 1391 1294 in
1407 1270 1455 1295 eo
1471 1257 1631 1295 homine

301 1324 363 1361 cui
386 1332 466 1361 tum
489 1322 636 1373 petenti
660 1322 735 1360 iam
753 1323 993 1361 aedilitatem
1015 1336 1064 1360 ne
1087 1321 1294 1359 histriones
1315 1321 1478 1370 quidem
1500 1335 1630 1360 coram

301 1388 452 1427 sedenti
476 1390 762 1438 pepercerunt?
819 1389 922 1425 Nam
941 1401 1030 1425 curn
1047 1395 1225 1436 ageretur
1240 1394 1371 1436 togata
1389 1389 1397 1405 ‘
1410 1386 1630 1433 Simulans‚‘'

301 1462 343 1491 ut
364 1454 513 1503 opinor,
537 1462 691 1491 caterva
712 1461 793 1491 tota
815 1452 1027 1490 clarissima
1052 1452 1316 1491 concentione
1338 1451 1376 1489 in
1399 1464 1466 1490 ore
1488 1453 1629 1502 impuri
1652 1468 1689 1488 20

227 456 283 486 ¹17

303 1520 474 1557 hominis
496 1518 706 1556 imminens
727 1518 955 1556 contionata
976 1525 1033 1556 est
1051 1533 1057 1555 :

957 1595 1059 1640 huic,
1083 1596 1184 1641 Tite,

409 1669 475 1699 tua
504 1660 592 1711 post
623 1660 814 1711 principia
843 1668 962 1710 atque
993 1660 1118 1697 exitus
1149 1659 1312 1698 viti6sae
1344 1659 1526 1698 vitae—!

298 1737 469 1775 Sedebat
491 1738 745 1782 exanimatus,
769 1743 806 1774 et
832 1736 862 1773 is
885 1735 952 1785 qui
970 1744 1086 1774 antea
1108 1743 1313 1774 cantorum
1335 1736 1516 1775 convicio
1537 1750 1628 1775 con-

298 1803 425 1841 tiones
460 1802 656 1840 celebrare
691 1815 779 1839 suas
820 1802 971 1839 solebat
1010 1808 1215 1839 cantorum
1255 1801 1430 1850 ipsorum
1463 1803 1626 1840 vocibus
1647 1818 1685 1848 25

298 1867 522 1905 eiciebatur.
582 1868 632 1904 Et
654 1866 840 1916 quoniam
867 1868 967 1904 facta
992 1867 1141 1904 mentio
1162 1873 1219 1904 est
1240 1867 1435 1913 ludorum,
1460 1880 1509 1905 ne
1530 1868 1627 1905 illud

299 1934 460 1983 quidem
501 1933 818 1981 praetermittam,
861 1931 900 1969 in
942 1945 1082 1981 magna
1121 1933 1306 1970 varietate
1343 1932 1626 1970 sententiarum

296 2011 514 2047 numquam
536 1999 657 2034 ullum
676 1998 793 2035 fuisse
814 1999 956 2044 locum,
976 1997 1015 2034 in
1036 2010 1116 2046 quo
1132 1996 1281 2046 aliquid
1297 2010 1320 2034 a
1340 2005 1457 2046 poeta
1475 1999 1625 2036 dictum

340 2111 358 2129 2
375 2099 506 2139 sedem]
522 2099 724 2138 praesidium
740 2099 849 2129 Paul:
867 2104 1003 2129 senatus
1018 2099 1207 2130 consultum
1224 2099 1365 2129 Karslcn
1444 2109 1462 2137 5
1482 2101 1625 2138 primum

291 2149 342 2183 pr.
364 2143 402 2177 P,
423 2142 493 2172 dein
516 2154 593 2172 corr.
618 2144 736 2182 primo,
757 2147 785 2172 el
806 2143 849 2172 sic
869 2143 900 2172 Β
917 2143 981 2174 rell.
1116 2145 1137 2173 6
1161 2143 1209 2172 rei
1234 2143 1416 2173 Garatoni:
1452 2153 1509 2173 ore
1534 2143 1621 2174 codd.

300 2187 457 2223 (auctori,
476 2187 609 2216 relatori
627 2187 681 2216 all.
698 2197 705 2223 ;
731 2187 913 2216 consultori
932 2185 1049 2225 Hertz)
1142 2197 1180 2224 14
1205 2187 1351 2216 nefando
1372 2187 1409 2215 ks
1510 2197 1551 2216 20
1575 2187 1624 2216 ori

297 2230 387 2259 Koclz
405 2241 411 2259 ς
441 2230 474 2259 in
496 2240 534 2259 os
557 2229 697 2259 Sellus-{2
802 2240 841 2258 22
867 2230 956 2268 huic,
976 2230 1063 2270 Tite,
1085 2234 1139 2259 tua
1160 2229 1268 2259 Halm
1287 2241 1294 2259 z
1319 2230 1395 2259 huic
1414 2230 1473 2259 tite
1491 2235 1547 2260 tua
1563 2229 1626 2259 PG

298 2274 371 2311 (sed
387 2273 414 2303 G
432 2277 507 2302 etua
524 2284 530 2302 ε
554 2274 642 2302 vitae
659 2277 715 2302 tua
732 2272 772 2309 Β,
791 2273 879 2302 vitae
897 2278 973 2302 tuae
986 2278 1040 2303 wl.
1089 2273 1234 2306 Ribbeck,
1258 2272 1347 2303 Com.
1367 2273 1480 2310 Rom.,
1502 2278 1535 2312 j).
1561 2283 1624 2311 203

297 2317 391 2354 haec,
427 2316 633 2355 taeterrime,
669 2315 755 2345 Sunt
786 2316 1027 2355 postprincipia
1058 2321 1159 2354 atque
1188 2316 1624 2357 exitus(ma1ae>vitiosae

296 2360 385 2390 vitae
