1774 2782
246 153 318 188 DE
352 152 516 189 DOMO
547 152 649 189 SVA
681 152 756 188 ΑΙ)
791 152 1122 190 PONTIFICES
1156 152 1371 189 ORATIO
1431 152 1476 188 16
1497 167 1533 199 41

149 263 199 300 de
227 274 264 299 re
294 261 461 312 publica,
489 274 588 310 quae
614 260 708 298 mihi
730 260 810 298 visa
838 267 928 298 sunt
954 262 1004 299 ad
1033 260 1134 299 illius
1161 261 1287 300 miseri
1317 275 1474 300 causam

150 326 352 376 pertinere.
413 328 525 364 Haec
552 326 733 364 homines
756 325 923 376 improbi
949 327 999 364 ad
1025 327 1218 376 quosdam
1241 328 1341 365 viros
1370 327 1476 365 sortis

149 393 263 442 longe
283 391 393 429 aliter
418 399 536 441 atque
556 405 579 429 a
600 405 662 429 me
683 393 787 430 dicta
808 399 916 430 erant
941 393 1174 430 detulerunt.
1237 393 1348 430 Hora
1373 406 1477 430 nona

148 457 213 495 illo
244 457 329 507 ipso
358 456 422 495 die
452 464 492 494 tu
528 470 568 494 es
603 457 822 507 adoptatus
883 458 920 494 Si
954 458 1062 507 quod
1091 457 1128 494 in
1160 457 1296 495 ceteris
1327 457 1477 508 legibus

110 537 126 566 5
148 522 291 560 trinum
324 521 546 560 nundinum
582 535 667 560 esse
698 530 863 571 oportet,
899 521 937 560 id
974 522 1011 560 in
1046 522 1262 572 adoptione
1296 522 1387 560 satis
1419 531 1476 561 est

149 587 261 626 trium
285 601 368 625 esse
385 588 577 634 horarum,
597 586 692 624 nihil
710 588 979 637 reprehendo,
1001 587 1058 625 sin
1075 588 1213 625 eadem
1232 588 1477 625 observanda

147 662 248 698 sunt,
274 651 457 690 iudicavit
483 660 639 690 senatus
663 653 720 690 M.
744 651 862 690 Drusi
884 651 1045 701 legibus,
1069 665 1169 702 quae
1193 659 1329 690 contra
1349 653 1473 701 legem

148 717 359 757 Caeciliam
382 725 418 755 et
438 716 599 754 Didiam
620 718 719 755 latae
741 724 882 764 essent,
902 718 1093 766 populum
1115 730 1195 754 non
1214 716 1346 755 teneri.
1389 719 1472 754 Iam
1496 734 1534 764 4²

148 782 336 832 intellegis
358 781 465 820 omni
482 795 623 831 genere
644 781 745 829 iuris,
765 783 873 831 quod
894 781 933 819 in
950 781 1078 828 sacris,
1097 783 1203 831 quod
1226 783 1262 819 in
1279 781 1473 832 auspiciis,

92 863 128 884 ιο
148 848 256 898 quod
280 847 318 884 in
340 846 489 897 legibus
515 848 573 893 sit,
597 854 634 884 te
659 846 859 884 tribunum
886 846 1012 896 plebis
1033 860 1111 884 non
1141 847 1270 885 fuisse.
1329 849 1382 885 At
1403 861 1476 897 ego

149 915 223 951 hoc
251 920 376 951 totum
402 925 482 950 non
503 913 587 950 sine
614 926 732 950 causa
751 911 940 962 relinquo.
1000 912 1130 951 Video
1150 912 1253 950 enim
1281 914 1474 963 quosdam

148 977 380 1015 clarissimos
401 976 513 1023 viros,
533 976 727 1026 principes
747 976 924 1023 civitatis,
943 976 1092 1026 aliquot
1112 976 1207 1015 locis
1229 976 1421 1016 iudicasse
1439 985 1476 1016 te

148 1056 237 1080 cum
263 1043 377 1092 plebe
402 1041 483 1079 iure
506 1056 620 1092 agere
645 1041 844 1091 potuisse,
873 1041 940 1091 qui
965 1043 1082 1080 etiam
1109 1043 1157 1080 de
1182 1056 1245 1081 me
1266 1042 1362 1093 ipso,
1385 1057 1475 1081 cum

148 1116 213 1146 tua
248 1107 447 1157 rogatione
486 1108 622 1145 funere
655 1108 796 1145 elatam
829 1121 910 1144 rem
945 1106 1143 1157 publicam
1174 1121 1259 1146 esse
1288 1109 1474 1155 dicerent,

91 1190 127 1220 15
148 1181 280 1211 tamen
308 1171 348 1210 id
378 1173 504 1218 sunus,
537 1171 608 1210 etsi
640 1171 824 1209 miserum
853 1179 973 1221 atque
1001 1173 1187 1210 acerbum
1218 1172 1362 1219 fuisset,
1395 1173 1476 1211 iure

149 1238 338 1277 indictum
361 1251 446 1275 esse
473 1237 683 1284 dicebant3
712 1238 819 1287 quod
848 1238 898 1275 de
920 1251 982 1275 me
1010 1237 1082 1274 civi
1108 1237 1160 1275 ita
1180 1239 1230 1276 de
1257 1251 1296 1275 re
1320 1237 1478 1288 publica

148 1303 288 1341 merito
313 1302 476 1349 tulisses,
508 1303 625 1341 funus
651 1309 688 1340 te
717 1302 901 1340 indixisse
930 1302 981 1340 rei
1013 1303 1208 1352 publicae,
1228 1304 1336 1352 quod
1364 1303 1477 1341 salvis

147 1367 328 1419 auspiciis
357 1367 522 1413 tulisses,
554 1366 635 1405 iure
660 1369 784 1417 egisse
813 1368 1011 1406 dicebant.
1071 1369 1162 1416 Qua
1186 1382 1225 1406 re
1260 1367 1402 1414 licebit,
1436 1377 1477 1406 ut

147 1433 297 1484 opinor,
321 1432 435 1470 nobis
456 1446 521 1470 eas
542 1433 717 1470 actiones
742 1446 822 1470 non
844 1432 1051 1480 infirmare,
1075 1432 1218 1482 quibus
1242 1432 1292 1470 illi
1318 1432 1477 1471 actioni-

90 1515 128 1537 ιο
148 1499 220 1536 bus
241 1498 498 1536 constitutum
521 1497 762 1535 tribunatum
785 1505 895 1535 tuum
918 1498 1284 1548 comprobaverunt.

203 1562 336 1601 Fueris
364 1576 458 1600 sane
486 1562 664 1600 tribunus
695 1562 821 1612 plebis
850 1571 929 1600 tam
958 1562 1039 1601 iure
1062 1564 1237 1613 legeque,
1261 1577 1378 1613 quam
1408 1562 1478 1601 suit
1497 1580 1539 1611 43

148 1628 210 1666 hic
240 1628 322 1678 ipse
350 1630 397 1665 P.
429 1627 624 1673 Servilius,
655 1628 710 1665 vir
738 1627 924 1666 omnibus
951 1628 1067 1666 rebus
1098 1627 1333 1666 clarissimus
1360 1637 1478 1679 atque

148 1692 435 1743 amplissimus:
480 1706 558 1742 quo
598 1692 689 1740 iure,
732 1706 811 1743 quo
852 1707 970 1740 more,
1012 1707 1091 1743 quo
1133 1695 1313 1744 exemplo
1353 1695 1476 1744 legem

150 1758 380 1796 nominatim
406 1759 456 1796 de
484 1757 610 1807 capite
631 1758 725 1796 civis
751 1758 969 1797 indemnati
998 1758 1146 1796 tulisti?
1204 1761 1351 1797 Vetant
1375 1762 1478 1810 leges
1500 1768 1542 1805 17

87 1834 128 1866 ²5
149 1831 329 1869 sacratae,
350 1830 482 1861 vetant
499 1835 558 1860 ΧΠ
581 1823 736 1861 tabulae
754 1824 857 1872 leges
871 1823 1029 1872 privatis
1051 1823 1278 1863 hominibus
1296 1824 1480 1875 inrogari,

195 1926 228 1945 11
257 1925 322 1945 non
341 1915 379 1946 k:
407 1925 473 1947 om.
492 1914 553 1946 rell.
634 1926 670 1954 14
697 1916 849 1946 dicerent
866 1919 902 1945 ut
933 1916 1124 1955 Naugerius
1139 1916 1186 1955 (1)
1206 1917 1250 1947 ita
1266 1917 1286 1947 k
1303 1928 1309 1947 :
1333 1918 1478 1949 dicerem

148 1959 236 1989 codd.
332 1960 368 1988 16
393 1960 436 1989 ita
450 1958 581 1989 Baiter:
606 1970 624 1989 a
637 1958 676 1989 1³¹
695 1971 701 1989 ε
725 1970 763 1989 ac
780 1959 824 1988 P2
847 1963 876 1988 el
887 1960 966 1999 pler.
984 1962 1034 1998 (ac
1054 1984 1060 1990 .
1082 1984 1088 1991 .
1108 1984 1115 1990 .
1137 1960 1223 1991 bene
1241 1961 1359 1991 merito
1378 1962 1478 2001 Hhff)

153 2013 187 2041 17
214 2003 313 2032 funus
334 2006 366 2032 te
386 2002 434 2031 b²e
455 2005 482 2032 ct
499 2013 564 2041 mg.
587 2002 638 2033 P:
666 2003 798 2033 funeste
821 2003 851 2032 P
875 2003 938 2034 rell.
953 2007 1088 2043 praeter
1105 2003 1183 2034 ku
1207 2004 1357 2035 (funeste
1381 2005 1479 2036 sunus

149 2047 197 2086 te)
213 2056 218 2074 :
246 2046 413 2076 funestum
432 2046 530 2075 sunus
548 2052 579 2076 te
597 2045 713 2076 Lamb.
814 2057 855 2076 20
873 2051 964 2077 tuum
984 2047 1087 2083 Hh2k‚
1103 2058 1168 2078 ωτι.
1183 2047 1252 2077 Pet
1262 2048 1340 2088 pler.
1355 2048 1407 2085 (§§
1423 2051 1475 2088 38.

149 2101 200 2127 40,
217 2091 273 2128 41)
406 2100 443 2119 21
473 2094 539 2119 tarn
564 2090 636 2120 iure
663 2091 806 2130 legeque
828 2090 901 2122 Car.
924 2091 1049 2131 steph„
1068 2089 1111 2120 D.
1129 2089 1267 2129 Serruys
1287 2092 1379 2129 (Aul.
1403 2093 1477 2124 Gell.

149 2145 178 2164 v.
206 2144 264 2172 193
298 2132 374 2173 Leg.
393 2134 517 2173 Agrar.
540 2133 570 2164 ii.
600 2144 646 2169 11,
669 2138 683 2172 ξ
702 2135 755 2173 29Ἲ
774 2147 779 2165 z
809 2140 874 2164 tam
896 2136 927 2165 in
949 2136 1019 2164 iure
1038 2146 1136 2174 quam
1158 2135 1232 2172 lege
1254 2134 1341 2164 PHb
1358 2137 1475 2176 ctplcr.

149 2188 263 2216 tquam
283 2177 315 2206 in
334 2177 407 2216 lege
426 2179 492 2217 w):
517 2182 582 2207 tam
602 2179 673 2208 iure
691 2190 788 2218 quam
807 2179 881 2217 lege
903 2179 1021 2210 Gfflkt:
1047 2184 1112 2209 tam
1138 2179 1207 2208 iure
1230 2180 1477 2218 atque(etiam)

149 2221 222 2259 lege
237 2220 365 2250 Halm:
392 2226 457 2251 tam
478 2222 581 2252 fueris
600 2222 730 2261 inquam
750 2223 823 2261 lege
841 2223 929 2253 Koch
948 2236 954 2254 :
979 2225 1106 2263 optimo
1126 2224 1206 2256 iure.
1229 2227 1295 2252 tam
1314 2222 1414 2253 fucris
1430 2224 1477 2253 in-

148 2274 245 2303 quam
267 2264 342 2303 lege
358 2265 492 2305 Lange:
517 2270 583 2295 tam
609 2265 680 2295 iure
700 2277 797 2304 quarn
819 2267 892 2305 lege
916 2278 1013 2306 quam
1034 2266 1151 2309 (tulit)
1173 2267 1226 2296 hic
1250 2270 1303 2296 etc.
1323 2266 1477 2303 Jordan:

149 2313 216 2338 tam
243 2307 314 2338 iure
337 2318 435 2347 quam
459 2307 557 2349 (qui)
579 2309 654 2346 lege
676 2309 718 2339 K.
744 2309 872 2340 Busche
898 2311 1000 2349 (Har.
1025 2310 1120 2351 Resp.
1148 2314 1162 2348 ξ
1188 2321 1223 2348 14
1238 2322 1245 2349 ;
1262 2309 1394 2346 Sulla§
1418 2309 1476 2349 87)

149 2361 191 2380 22
217 2351 251 2382 P.
280 2351 443 2381 Servilius
467 2351 585 2389 Halm,
612 2351 727 2392 Lange
747 2353 778 2390 (ξ
807 2363 883 2392 132:
917 2354 1004 2385 Har.
1031 2354 1125 2395 Resp.
1155 2357 1169 2391 ξ
1194 2356 1266 2389 ιρζε
1291 2353 1390 2383 ullius
1415 2353 1475 2385 1³¹:

151 2393 264 2424 rullius
282 2394 417 2425 WGH:
444 2395 558 2425 tullius
575 2394 668 2425 Btw:
695 2395 794 2426 tulius
811 2396 896 2427 (3·εᾶ.
920 2397 955 2427 V.
973 2408 979 2427 :
1007 2397 1128 2428 Rullus
1149 2397 1181 2426 112
1196 2397 1242 2428 cd.
1260 2397 1300 2428 R.
1435 2406 1476 2435 25

150 2438 287 2476 privatis
311 2438 516 2478 hominibus]
536 2439 673 2477 privatis
694 2440 724 2469 in
745 2440 833 2469 hom.
855 2439 1028 2471 PBHebk:
1058 2441 1196 2479 privatis
1221 2451 1239 2466 a*
1267 2441 1354 2472 bom.
1370 2440 1415 2471 G:
1433 2441 1475 2470 de

150 2481 290 2520 privatis
307 2481 396 2512 hom.
413 2492 447 2511 c:
472 2482 608 2520 privatis
625 2483 689 2512 vim
709 2483 795 2512 hom.
815 2487 848 2512 l:
875 2483 978 2522 privis
997 2484 1085 2513 hom.
1105 2484 1252 2522 Scaliger

1360 2527 1392 2557 μ
