1774 2782
373 116 482 155 PRO
515 117 555 153 L.
589 115 882 155 CORNELIO
915 115 1096 154 BALBO
1128 114 1345 154 ORATIO
1467 122 1516 162 27
1537 117 1576 150 62

196 232 285 262 sunt
310 223 452 273 quibus
478 223 672 262 infinitum
700 225 748 262 sit
779 225 913 262 odium
945 223 983 261 in
1014 236 1113 274 quos
1144 224 1264 262 semel
1293 231 1517 273 susceptum

195 290 252 337 sit,
285 302 383 339 quos
418 289 534 328 video
565 302 649 328 esse
684 303 764 327 non
801 291 940 336 nullos,
972 303 1061 327 cum
1099 288 1266 327 ducibus
1302 288 1406 339 ipsis,
1439 303 1517 328 non

194 368 284 393 curn
319 354 506 393 comitatu
541 354 935 404 adsectatoribusque
977 354 1201 403 confligant.
1265 355 1378 391 Illam
1414 355 1518 392 enim

195 421 357 458 fortasse
378 418 629 469 pertinaciam
656 432 735 456 non
764 420 870 465 nulli,
896 418 1076 456 virtutem
1104 418 1167 456 alii
1191 418 1395 468 putabunt,
1418 419 1519 457 banc

158 501 175 532 5
196 497 286 522 vero
308 483 551 533 iniquitatem
575 496 713 521 omnes
735 496 825 520 curn
851 484 981 532 aliqua
1003 484 1232 522 crudelitate
1253 483 1516 522 coniunctam.

196 549 273 587 Sed
303 549 332 586 si
370 556 562 586 certorum
600 548 805 586 hominum
842 549 983 586 mentis
1025 550 1130 586 nulla
1165 551 1323 596 ratione,
1356 548 1514 595 iudices,

196 615 348 663 placare
370 626 588 662 possumus,
613 619 760 651 vestros
787 612 947 662 quidem
977 615 1129 652 animos
1157 622 1260 653 certe
1282 615 1517 652 confidimus

196 691 276 716 non
298 677 473 716 oratione
496 686 640 726 nostra,
662 679 731 716 sed
753 679 996 717 humanitate
1019 688 1143 717 vestra
1164 692 1248 718 esse
1269 681 1453 729 placatos.
1538 706 1590 742 28

250 742 359 791 Quid
386 742 490 780 enim
520 750 576 781 est
604 756 671 780 cur
693 756 771 780 non
801 743 930 792 potius
957 745 1007 783 ad
1029 757 1222 782 summam
1249 745 1405 782 laudem
1428 744 1518 781 huic
1538 767 1579 805 63

138 826 177 848 10
196 820 314 858 quam
336 807 386 845 ad
408 806 610 844 minimam
634 808 810 845 fraudem
834 808 1011 847 Caesaris
1043 809 1279 847 familiaritas
1303 810 1428 846 valere
1449 808 1516 846 de-

197 873 316 910 beat?
373 871 568 921 Cognovit
584 872 815 910 adulescens
831 887 841 920 3
874 873 1018 923 placuit
1035 873 1183 911 homini
1201 872 1520 923 prudentissimo,

197 937 236 975 in
258 950 412 975 summa
431 937 647 976 amicorum
665 938 777 988 copia
794 951 883 976 cum
902 938 1207 976 familiarissimis
1228 939 1310 976 eius
1331 945 1388 976 est
1408 938 1520 975 adae-

197 1010 348 1052 quatus.
411 1003 458 1040 In
488 1011 677 1052 praetura,
702 1003 740 1041 in
771 1004 976 1042 consulatu
1006 1004 1243 1052 praefectum
1274 1004 1426 1041 fabrum
1453 1003 1520 1040 de-

197 1068 310 1115 tulit,-
352 1067 559 1106 consilium
595 1068 765 1107 bominis
806 1067 994 1118 probavit,
1030 1069 1149 1106 fidem
1185 1076 1242 1107 est
1281 1069 1519 1117 complexuS‚

141 1150 176 1181 15
198 1134 324 1171 officia
363 1134 731 1184 observantiamque
771 1134 914 1173 dilexit.
988 1135 1076 1172 Fuit
1115 1133 1178 1171 bic
1217 1134 1428 1172 multorum
1467 1132 1520 1169 illi

198 1199 376 1236 laborum
402 1199 530 1237 socius
557 1201 792 1249 aliquando:
831 1207 888 1237 est
913 1201 1073 1238 fortasse
1095 1212 1200 1237 nunc
1220 1213 1300 1237 non
1325 1200 1520 1236 nullorum

199 1264 390 1314 particeps
426 1267 739 1303 commodorum.
802 1266 915 1313 Quae
953 1264 1113 1314 quidem
1146 1265 1176 1302 si
1207 1265 1297 1301 huic
1326 1264 1522 1302 obfuerint

198 1331 304 1378 apud
326 1344 404 1377 vos,
428 1343 508 1368 non
531 1330 714 1379 intellego
736 1330 842 1379 quod
864 1330 1013 1368 bonurn
1039 1329 1221 1378 cuiquam
1243 1330 1290 1366 sit
1311 1329 1416 1378 apud
1437 1327 1522 1365 talis

199 1393 300 1432 viros
322 1396 576 1443 profuturum.
635 1396 712 1433 Sed
729 1396 916 1444 quoniam
934 1395 977 1433 C.
999 1395 1142 1433 Caesar
1157 1394 1267 1432 abest
1284 1393 1519 1443 longissime,
1543 1395 1584 1434 64

141 1476 180 1496 20
198 1466 316 1508 atque
334 1458 371 1495 in
390 1460 433 1496 iis
450 1466 507 1497 est
525 1472 629 1497 nunc
643 1460 738 1497 locis
757 1472 857 1508 quae
871 1458 1026 1508 regione
1041 1458 1176 1497 orbem
1195 1467 1391 1503 terrarum,
1408 1458 1522 1496 rebus

199 1523 300 1561 illius
326 1525 442 1573 gestis
469 1523 675 1573 imperium
705 1523 839 1573 populi
871 1524 1041 1561 Romani
1070 1523 1273 1570 definiunt,
1301 1524 1431 1569 nolite,
1455 1536 1523 1573 per

199 1588 295 1626 deos
326 1588 563 1634 immortalis,
588 1588 748 1635 iudices,
778 1589 883 1626 hunc
915 1587 967 1625 illi
997 1588 1181 1625 acerbum
1212 1587 1394 1625 nuntium
1424 1588 1523 1626 velle

199 1652 366 1701 perferri,
389 1660 431 1690 ut
452 1666 564 1690 suum
583 1653 821 1701 praefectum
845 1652 1008 1697 fabrum,
1028 1659 1069 1689 ut
1092 1652 1291 1690 bominem
1313 1652 1386 1690 sibi
1407 1653 1521 1690 caris-

200 1719 353 1764 simum,
377 1730 457 1755 non
482 1718 534 1756 ob
561 1717 680 1767 ipsius
709 1717 869 1766 aliquod
891 1717 1090 1764 delictum,
1115 1719 1184 1756 sed
1206 1718 1257 1755 ob
1279 1730 1388 1755 suam
1410 1716 1519 1755 fami-

142 1799 178 1830 25
199 1783 402 1821 liaritatem
424 1782 557 1821 vestris
587 1796 816 1832 oppressum
846 1782 1047 1821 sententiis
1075 1784 1217 1821 audiat.
1279 1781 1521 1821 Miseremini

199 1848 282 1886 eius
305 1849 370 1897 qui
388 1860 468 1885 non
485 1848 534 1885 de
552 1861 622 1885 suo
640 1854 802 1897 peccato
823 1848 892 1884 sed
906 1849 948 1884 de
969 1847 1084 1885 buius
1106 1848 1248 1885 summi
1266 1855 1302 1885 et
1319 1846 1520 1886 clarissimi

199 1913 267 1950 viri
290 1913 402 1958 facto,
426 1926 507 1950 non
529 1913 578 1950 de
598 1912 730 1961 aliquo
751 1911 912 1950 crimine
930 1913 999 1950 sed
1021 1911 1193 1961 periculo
1208 1925 1279 1950 suo
1295 1913 1344 1950 de
1361 1913 1521 1962 publico

201 1979 280 2016 iure
310 1977 512 2027 disceptat.
572 1978 692 2025 Quod
720 1976 778 2014 ius
800 1977 829 2014 si
855 1978 926 2016 Cn.
953 1977 1164 2026 Pompeius
1187 1977 1388 2027 ignoravit,
1409 1978 1438 2014 si
1461 1978 1516 2015 M.

200 2045 373 2089 Crassus,
390 2044 419 2080 si
438 2045 485 2091 Q.
507 2044 703 2089 Metellus,
722 2041 752 2079 si
774 2042 846 2081 Cn.
867 2043 1079 2091 Pompeius
1101 2050 1218 2091 pater,
1239 2042 1268 2080 si
1292 2044 1333 2079 L.
1353 2043 1469 2087 Sulla,
1489 2041 1519 2079 si

139 2125 179 2155 30
201 2109 240 2144 P.
261 2108 434 2153 Crassus,
459 2106 488 2144 si
512 2108 555 2146 C.
584 2106 743 2153 Marius,
767 2105 797 2144 si
818 2114 987 2153 senatus,
1007 2107 1036 2145 si
1058 2108 1226 2156 populus
1250 2108 1464 2153 Romanus,
1488 2106 1518 2145 si

199 2172 263 2222 qui
286 2173 335 2210 de
357 2184 395 2209 re
417 2171 530 2209 simili
555 2171 785 2217 iudicarunt,
810 2170 839 2208 si
862 2171 1049 2209 foederati
1072 2171 1216 2220 populi,
1236 2171 1265 2208 si
1288 2171 1394 2218 socii,
1414 2172 1442 2208 si
1466 2171 1517 2208 illi

243 2285 261 2303 2
286 2273 327 2304 sit
344 2272 430 2303 codd.
449 2285 454 2303 :
480 2279 529 2304 est
547 2274 645 2311 Bait„
666 2272 751 2303 Reid
766 2274 796 2311 (ξ
817 2274 873 2311 44Ὗ
994 2283 1034 2312 23
1059 2274 1264 2304 carissimum
1284 2280 1316 2304 ct
1335 2274 1518 2305 familiaris-

199 2317 486 2391 εὲῐηὶιῖηὲέἰθὲἷύς
599 2318 640 2346 26
666 2317 705 2346 de
723 2316 798 2347 add.
818 2317 949 2347 Manat.
1075 2327 1116 2355 30
1142 2317 1176 2347 P.
1196 2317 1327 2348 Mada:
1357 2318 1395 2349 D.
1413 2318 1516 2348 PBb:
