1774 2782
234 136 283 172 47

234 222 283 259 47

225 282 281 302 122

224 895 283 924 123

225 1674 283 1705 124

310 142 365 161 ιω
674 124 729 160 M.
762 123 928 158 TVLLI
962 121 1269 159 CICERONIS

358 237 610 283 Quamquam
633 232 728 281 quid
750 245 822 280 ego
843 232 893 268 de
920 230 1169 268 dedicatione
1196 230 1346 278 loquor,
1370 235 1435 266 aut
1463 227 1558 278 quid
1580 229 1628 266 de

304 307 430 338 vestro
452 298 532 335 iure
554 304 592 336 et
613 297 800 345 religione
831 302 967 333 contra
993 308 1111 343 quam
1133 306 1413 343 proposueram
1442 293 1630 342 disputo?

306 366 389 413 Ego
417 376 518 408 vero,
542 361 571 399 si
601 362 734 398 omnia
760 359 1018 397 sollemnibus
1038 358 1177 405 verbis,
1199 358 1395 397 veteribus
1423 365 1460 395 et
1481 357 1630 395 traditis

307 427 490 465 institutis
523 434 609 464 acta
645 438 729 463 esse
765 424 947 469 dicerem,
982 430 1113 461 tamen
1150 437 1211 461 me
1245 422 1298 461 rei
1334 422 1516 472 publicae
1550 422 1631 460 iure

304 492 568 530 defenderem.
628 492 691 527 An
723 504 811 528 cum
843 498 895 535 tu,
929 490 1011 526 eius
1041 488 1135 526 civis
1170 490 1344 526 discessu
1375 488 1486 525 cuius
1516 488 1630 525 unius
1651 504 1667 534 5

305 570 423 606 opera
443 563 600 594 senatus
627 564 746 605 atque
768 568 906 593 omnes
928 555 1021 591 boni
1052 553 1250 591 civitatem
1278 566 1362 591 esse
1391 553 1630 590 incolumem

304 622 446 660 totiens
486 621 734 666 iudicassent,
772 632 998 669 oppressam
1038 617 1260 656 taeterrimo
1299 617 1503 655 latrocinio
1541 630 1631 655 cum

304 686 461 725 duobus
497 685 801 724 sceleratissimis
840 683 1069 722 consulibus
1108 696 1189 721 rem
1229 682 1428 733 publicam
1468 690 1629 727 teneres,

305 753 467 789 domum
497 752 579 788 eius
607 750 671 800 qui
702 751 863 799 patriam
887 763 909 786 a
937 762 977 787 se
1004 757 1195 787 servatam
1223 749 1346 798 perire
1373 761 1445 785 suo
1472 748 1632 785 nornine

305 815 492 854 noluisset
515 829 582 865 per
603 815 830 864 pontificem
854 814 1025 863 aliquem
1048 813 1283 858 dedicasses,
1308 820 1441 862 posset
1463 820 1632 850 recreata
1657 825 1695 846 ¹0

304 895 363 920 res
392 880 550 931 publica
579 880 799 918 sustinere?
858 881 959 917 Date
990 879 1081 915 huic
1111 877 1285 928 religioni
1316 877 1480 924 aditum,
1508 877 1633 927 ponti-

305 948 419 984 fices:
456 947 531 983 iam
559 947 709 983 nullum
739 944 903 983 fortunis
934 943 1215 982 communibus
1246 943 1391 981 exitum
1421 944 1630 993 reperietis.

304 1013 366 1048 An
403 1010 432 1047 si
468 1018 621 1060 postem
661 1011 829 1048 tenuerit
869 1009 1043 1059 pontifex
1083 1016 1120 1046 et
1160 1008 1277 1046 verba
1316 1009 1366 1046 ad
1406 1007 1631 1058 religionem

304 1077 467 1113 deorum
491 1075 767 1112 immortalium
789 1075 1007 1123 composita
1035 1075 1085 1111 ad
1107 1073 1318 1123 perniciem
1347 1074 1488 1110 civium
1516 1080 1633 1110 trans-

306 1141 444 1188 tulerit,
466 1140 610 1179 valebit
638 1142 677 1178 in
698 1139 837 1178 iniuria
864 1153 1010 1178 nomen
1039 1139 1328 1177 sanctissimum
1350 1138 1570 1188 religionis:
1602 1138 1632 1177 si
1658 1151 1691 1183 15

304 1208 484 1244 tribunus
511 1207 636 1256 plebis
657 1205 784 1243 verbis
812 1219 891 1242 non
915 1205 1043 1242 minus
1065 1204 1198 1253 priscis
1221 1211 1258 1242 et
1284 1217 1410 1254 aeque
1438 1203 1633 1242 sollemni-

305 1272 376 1309 bus
391 1272 496 1310 bona
510 1270 725 1320 cuiuspiam
741 1269 1255 1315 consecrarit,nonvalebit?
1285 1268 1405 1318 Atqui
1422 1270 1466 1308 C.
1478 1268 1632 1306 Atinius

305 1345 455 1387 patrum
479 1335 668 1374 memoria
688 1336 794 1373 bona
816 1338 864 1384 Q.
883 1335 1046 1380 Metelli,
1066 1333 1132 1384 qui
1155 1348 1245 1372 eum
1267 1348 1313 1372 ex
1335 1342 1472 1372 senatu
1494 1348 1633 1372 censor

304 1402 479 1447 eiecerat,
502 1402 562 1438 avi
592 1400 657 1447 tui,
682 1403 732 1449 Q.
757 1401 929 1445 Metelle,
954 1407 991 1437 et
1013 1401 1079 1445 tui,
1112 1402 1153 1437 P.
1177 1399 1326 1446 Servili,
1346 1406 1384 1438 et
1408 1398 1540 1449 proavi
1563 1399 1630 1446 tui,

306 1469 346 1504 P.
375 1466 516 1516 Scipio,
549 1465 790 1504 consecravit
821 1466 951 1503 foculo
982 1465 1110 1514 posito
1141 1466 1178 1502 in
1210 1464 1342 1503 rostris
1372 1464 1631 1514 adhibitoque
1654 1479 1696 1501 20

305 1532 473 1570 tibicine.
536 1531 644 1580 Quid
666 1533 778 1569 tum?
817 1544 910 1568 num
941 1531 1003 1569 ille
1032 1532 1136 1568 furor
1163 1530 1307 1568 tribuni
1336 1530 1462 1580 plebis
1489 1531 1632 1568 ductus

305 1612 349 1635 ex
371 1610 449 1635 non
468 1597 582 1634 nullis
600 1604 842 1646 perveterum
867 1603 1087 1645 temporum
1111 1596 1298 1645 exemplis
1320 1595 1444 1633 fraudi
1469 1596 1633 1633 Metello

305 1659 385 1705 suit,
402 1673 556 1697 summo
579 1659 630 1696 illi
652 1666 689 1697 et
710 1658 924 1696 clarissimo
946 1660 1058 1696 viro?
1096 1658 1213 1697 Certe
1235 1672 1315 1696 non
1332 1658 1413 1696 fuit.
1450 1657 1633 1696 Vidimus

305 1726 379 1763 hoc
400 1726 504 1762 idem
527 1726 598 1764 Cn.
624 1725 793 1762 Lentulo
815 1723 966 1761 censori
988 1723 1188 1761 tribunum
1211 1723 1335 1773 plebis
1357 1725 1506 1762 facere:
1536 1737 1631 1761 num

305 1804 382 1840 qua
413 1791 526 1839 igitur
555 1789 586 1827 is
616 1790 721 1827 bona
752 1790 908 1826 Lentuli
939 1788 1126 1838 religione
1157 1789 1371 1839 obligavit?
1427 1789 1505 1827 Sed
1536 1789 1631 1838 quid
1653 1801 1690 1833 ²5

305 1868 378 1903 ego
399 1856 579 1893 ceteros?
626 1856 700 1901 Tu,
724 1862 776 1901 tu,
802 1854 974 1903 inquam,
998 1854 1126 1904 capite
1148 1856 1288 1900 velato,
1310 1853 1496 1892 contione
1516 1855 1632 1892 advo-

305 1928 399 1967 cata,
420 1921 551 1958 foculo
566 1920 694 1971 posito
710 1920 815 1958 bona
832 1920 887 1957 tui
906 1920 1062 1967 Gabini,
1081 1920 1143 1959 cui
1161 1934 1278 1970 regna
1298 1919 1432 1959 omnia
1448 1921 1630 1969 Syrorum

306 1986 480 2023 Arabum
510 1988 794 2035 Persarumque
822 1987 1001 2032 donaras,
1031 1986 1278 2023 consecrasti.
1339 1986 1460 2034 Quod
1488 1984 1517 2022 si
1547 1992 1629 2022 turn

306 2052 400 2087 nihil
417 2058 475 2088 est
490 2058 634 2097 actum,
650 2050 746 2099 quid
764 2050 803 2087 in
820 2052 916 2088 meis
932 2050 1047 2088 bonis
1067 2051 1127 2100 agi
1150 2050 1306 2100 potuit?
1340 2049 1399 2087 sin
1416 2056 1473 2088 est
1490 2057 1627 2095 ratum,

305 2130 372 2153 cur
393 2116 455 2153 ille
475 2129 624 2165 gurges,
647 2117 841 2153 helluatus
864 2123 992 2153 tecum
1015 2115 1129 2152 simul
1152 2116 1202 2153 rei
1225 2114 1406 2165 publicae
1427 2114 1626 2164 sanguine,
1649 2122 1690 2152 30

352 2228 363 2247 1
385 2218 522 2258 loquor.
539 2241 547 2250 .
563 2244 568 2250 .
586 2219 720 2257 disputo
740 2217 870 2249 Manui.
888 2230 893 2248 :
919 2218 1035 2258 loquar
1048 2242 1055 2249 .
1073 2242 1079 2249 .
1094 2242 1101 2249 .
1117 2219 1294 2258 disputabo
1311 2217 1398 2249 codd.
1490 2228 1510 2256 3
1528 2218 1629 2248 tradi-

306 2263 347 2292 tis
373 2261 484 2293 Madv.
505 2274 510 2292 :
540 2263 701 2301 praeditis
725 2262 812 2292 codd.
840 2263 994 2301 (proditis
1017 2263 1049 2301 k,
1073 2261 1284 2302 Naegelsb.):
1316 2261 1438 2301 priscis
1466 2262 1498 2291 in
1524 2272 1589 2301 mg.
1618 2265 1631 2291 t

310 2316 343 2335 11
375 2305 475 2345 Date]
495 2306 536 2335 de
554 2306 585 2335 P
598 2309 626 2334 et
637 2305 716 2345 pler.
881 2315 917 2343 15
943 2306 974 2335 in
995 2316 1060 2336 om.
1077 2305 1166 2336 codd.
1178 2308 1311 2345 praeter
1323 2306 1353 2336 ς’
1381 2305 1429 2344 (in
1455 2305 1625 2339 iniuriam)

310 2350 348 2378 16
372 2360 478 2387 aeque
494 2349 575 2379 coni.
588 2349 675 2379 Bait.
693 2360 699 2379 :
726 2359 832 2388 paene
849 2348 936 2379 codd.
953 2360 960 2378 τ
984 2349 1082 2388 plane
1100 2349 1220 2379 Lamb.
1357 2358 1393 2386 17
1419 2349 1501 2378 civis
1518 2349 1626 2378 cuius-

306 2393 395 2431 piam
413 2392 490 2422 ku
647 2404 686 2430 24
713 2403 789 2422 num
811 2403 875 2431 qua
893 2392 981 2422 Bait.
1000 2403 1007 2422 τ
1044 2402 1225 2430 numquam
1243 2391 1332 2421 codd.
1348 2396 1477 2432 practer
1490 2392 1510 2421 k
1528 2392 1623 2430 (num

306 2437 405 2476 quae)
422 2447 428 2466 z
454 2437 613 2475 numquid
630 2436 674 2467 cdv
696 2437 738 2467 R.
