1774 2782
104 873 143 895 ‘10

108 1517 147 1540 20

109 1845 148 1877 25

264 163 336 199 DE
370 161 534 199 DOMO
566 162 668 198 SVA
700 162 776 197 ΑΙ)
808 160 1142 199 PONTIFICES
1170 161 1389 200 ORATIO
1466 162 1489 198 8

163 285 266 310 mam
284 271 401 309 fuisse
419 271 633 320 summique
653 271 824 321 periculi,
849 284 928 309 non
952 272 1078 308 solum
1101 285 1123 308 a
1145 273 1256 317 same,
1281 273 1349 310 sed
1371 272 1487 310 etiam

161 351 183 375 a
213 338 334 375 caede
365 336 556 374 incendiis
588 336 778 383 vastitate,
811 350 929 374 nemo
960 344 1086 386 negat,
1121 350 1211 374 cum
1246 338 1296 375 ad
1331 350 1488 375 causam

162 401 329 439 caritatis
356 402 559 439 accederet
587 400 658 439 iste
686 403 907 450 speculator
931 401 1203 438 communium
1236 401 1487 447 miseriarum,

162 465 227 516 qui
253 479 406 515 semper
433 479 478 503 ex
505 464 556 503 rei
585 465 766 515 publicae
799 467 909 503 malis
938 465 1092 503 sceleris
1124 465 1181 503 sui
1211 467 1313 504 faces
1343 466 1490 503 inflam-

162 538 293 569 maret.
355 531 481 579 Negat
508 529 727 579 oportuisse
755 530 968 579 quicquam
997 530 1063 567 uni
1090 538 1195 568 extra
1222 531 1400 568 ordinem
1426 532 1490 569 de-

162 595 277 634 cerni.
327 596 420 633 Non
441 594 516 632 iam
539 594 608 632 tibi
630 594 684 632 sic
706 595 957 644 respondebo
974 602 1016 633 ut
1037 595 1185 641 ceteris,
1206 596 1279 635 Cn.
1299 595 1490 645 Pompeio

162 660 338 709 plurima,
362 659 700 709 periculosissima,
735 659 904 697 maxima
932 659 1027 697 mari
1050 668 1228 709 terraque
1257 661 1358 698 bella
1386 669 1490 699 extra

162 725 339 763 ordinem
361 738 446 763 esse
467 724 700 763 commissa:
733 738 898 774 quarum
927 739 1054 763 rerum
1082 726 1111 763 si
1141 739 1258 775 quem
1280 725 1488 775 paeniteat,

162 804 251 828 eum
282 790 464 829 victoriae
496 790 630 840 populi
669 790 840 828 Romani
875 790 1085 840 paenitere.
1147 793 1239 829 Non
1272 791 1324 829 ita
1359 799 1488 830 tecum

161 869 259 905 agog
288 868 377 892 cum
399 854 457 893 his
479 856 576 893 haec
596 868 618 892 a
641 869 702 893 me
731 855 865 893 haberi
895 855 1019 894 oratio
1044 864 1174 906 potest
1195 857 1261 906 qui
1283 855 1335 894 ita
1362 856 1490 906 dispu-

162 928 255 966 tant,
278 934 330 967 se,
349 920 378 957 si
396 933 473 970 qua
489 934 548 958 res
564 921 614 958 ad
636 934 758 958 unum
783 921 997 958 deferenda
1014 921 1074 968 sit,
1092 922 1143 959 ad
1161 922 1233 960 Cn.
1258 921 1490 971 Pompeium

162 986 358 1023 delaturos
379 984 652 1034 potissimum3
682 987 752 1024 sed
780 998 820 1023 se
849 993 954 1023 extra
976 986 1155 1024 ordinem
1185 986 1280 1023 nihil
1308 986 1491 1035 cuiquam

163 1051 281 1097 dare3
310 1063 400 1088 cum
423 1050 614 1099 Pompeio
636 1051 771 1088 datum
796 1050 854 1097 sit,
880 1050 919 1089 id
948 1064 988 1088 se
1013 1064 1083 1100 pro
1105 1051 1294 1101 dignitate
1322 1051 1491 1089 hominis

163 1128 299 1153 ornare
327 1122 363 1152 et
391 1114 486 1152 tueri
515 1116 649 1153 solere.
713 1116 869 1152 Horum
903 1129 975 1165 ego
997 1115 1231 1154 sententiam
1259 1130 1309 1154 ne
1334 1117 1489 1154 laudem

163 1180 355 1229 impedior
375 1179 449 1219 Cn.
472 1180 635 1229 Pompei
658 1180 874 1230 triumphis,
901 1181 1044 1230 quihus
1067 1183 1139 1227 ille,
1159 1195 1248 1219 cum
1270 1190 1370 1219 esset
1387 1189 1491 1219 extra

163 1246 341 1282 ordinem
376 1246 426 1282 ad
461 1244 623 1294 patriam
660 1246 954 1283 defendendam
992 1254 1165 1292 vocatus,
1202 1248 1306 1283 auxit
1345 1259 1491 1284 nomen

164 1311 296 1360 populi
314 1312 483 1347 Romani
501 1310 790 1360 imperiumque
806 1310 1029 1348 honestavit
1049 1326 1055 1348 :
1078 1311 1338 1349 constantiam
1354 1312 1489 1361 probo,

164 1388 240 1424 qua
261 1375 353 1412 mihi
377 1388 535 1424 quoque
560 1376 752 1413 utendum
782 1375 864 1422 fuit,
891 1388 971 1425 quo
992 1375 1055 1413 ille
1082 1384 1241 1414 auctore
1268 1384 1372 1414 extra
1393 1376 1491 1414 ordi-

165 1453 253 1478 nem
286 1440 427 1478 bellum
457 1453 546 1477 cum
580 1440 811 1478 Mithridate
841 1440 1090 1490 Tigraneque
1114 1440 1242 1490 gessit.
1301 1442 1378 1479 Sed
1399 1454 1488 1478 cum

166 1505 238 1543 illis
265 1518 425 1555 possum
453 1514 586 1543 tamen
613 1505 761 1554 aliquid
793 1506 1018 1555 disputare:
1047 1513 1113 1543 tua
1140 1519 1230 1544 vero
1257 1519 1358 1555 quae
1385 1514 1491 1544 tanta

165 1570 409 1620 impudentia
438 1578 496 1608 est
526 1578 568 1608 ut
598 1571 743 1608 audeas
776 1570 906 1608 dicere
939 1578 1045 1609 extra
1074 1572 1252 1609 ordinem
1283 1571 1364 1609 dari
1394 1571 1490 1608 nihil

165 1636 348 1686 cuiquam
376 1637 588 1685 oportere?
628 1635 694 1685 qui
724 1649 814 1673 cum
842 1637 926 1685 lege
954 1636 1098 1674 nefaria
1127 1638 1411 1683 Ptolomaeum,
1438 1651 1491 1675 re-

165 1715 251 1751 gem
270 1701 398 1751 Cypri,
417 1702 571 1739 fratrem
593 1701 691 1750 regis
714 1701 978 1749 Alexandrini,
999 1703 1139 1740 eodem
1162 1701 1243 1740 iure
1264 1710 1489 1752 regnantem

166 1780 282 1804 causa
303 1766 501 1816 incognita
522 1766 774 1816 publicasses,
801 1768 1071 1816 populumque
1094 1768 1320 1805 Romanum
1347 1769 1490 1805 scelere

167 1832 388 1882 obligasses,
413 1845 502 1869 cum
526 1831 564 1869 in
592 1832 674 1870 eius
706 1846 867 1882 regnum
894 1833 1000 1870 bona
1031 1833 1204 1870 fortunas
1232 1832 1490 1882 patrocinium

167 1897 280 1935 huius
308 1897 444 1947 imperi
473 1897 696 1944 inmisisses,
722 1898 832 1936 cuius
855 1912 944 1935 cum
972 1905 1079 1947 patre
1103 1911 1176 1936 avo
1201 1897 1413 1935 maioribus
1434 1910 1490 1935 so-

166 1962 284 2000 cietas
305 1962 419 2000 nobis
445 1971 481 2000 ct
502 1962 672 2001 amicitia
694 1963 838 2009 suisset,
865 1964 978 2001 huius
1007 1963 1196 2013 pecuniae
1224 1964 1491 2013 deportandae

214 2059 223 2078 1
253 2049 372 2091 fuisse]
402 2051 551 2089 potuisse
576 2050 652 2080 PBt
771 2050 908 2091 summi]
942 2051 1128 2090 summique
1153 2050 1288 2081 Muell.:
1314 2055 1345 2080 et
1371 2051 1489 2080 summi

166 2092 324 2123 Momms.
403 2104 421 2123 a
441 2096 528 2124 lame
553 2093 661 2123 Halm
690 2094 721 2130 (ξ
748 2095 827 2132 25ῗιε
852 2105 890 2124 ea
917 2105 968 2124 me
998 2094 1094 2125 PBt:
1119 2105 1192 2124 eam
1218 2093 1363 2125 HGMke
1471 2104 1490 2123 2

167 2137 304 2166 cedibus
320 2135 402 2167 the
457 2150 475 2176 4
502 2148 543 2166 ex
556 2136 598 2166 P¹
616 2150 622 2168 ι
647 2138 677 2167 in
696 2136 740 2167 Ρ2
756 2137 820 2167 rell.
888 2147 906 2176 5
935 2138 1063 2178 Negat]
1077 2142 1104 2168 ct
1114 2148 1219 2177 negas
1229 2141 1393 2176 etnegant
1410 2138 1487 2168 coni.

167 2179 291 2211 Halm:
310 2182 442 2218 negatis
456 2181 655 2220 Lahmeyer:
671 2192 754 2210 num
768 2181 835 2211 Sed
850 2183 972 2220 negas?
1028 2182 1181 2221 decerni]
1194 2182 1264 2212 dari
1276 2181 1316 2212 D.
1328 2180 1468 2219 Serruys
1483 2193 1488 2211 :

167 2224 312 2254 decerna
328 2224 371 2254 Pl
487 2235 525 2254 10
550 2224 618 2264 his]
639 2224 678 2254 iis
697 2224 807 2255 Muell.
901 2230 1011 2263 potest
1029 2224 1139 2256 Hbcs:
1164 2230 1215 2255 est
1237 2225 1269 2254 P
1285 2225 1348 2255 rell,
1365 2228 1489 2264 praeter

170 2266 253 2297 GMe
270 2269 414 2306 (posset)
433 2279 440 2298 ι
467 2268 623 2297 habenda
645 2268 752 2298 oratio
771 2273 820 2297 est
838 2267 903 2298 cod.
927 2268 1001 2299 Car.
1020 2268 1130 2308 Steplz.
1154 2272 1183 2298 el
1200 2269 1232 2298 in
1251 2280 1315 2309 mg
1337 2273 1348 2298 t
1452 2278 1489 2305 13

168 2310 260 2350 cum]
272 2312 360 2350 quod
377 2311 519 2341 Karsten
587 2321 626 2340 22
645 2310 876 2340 Ptolomaeum
888 2311 975 2340 codd.
992 2322 998 2341 ε
1017 2311 1155 2342 Ptolem.
1173 2312 1193 2341 le
1206 2311 1274 2343 edd.
1292 2311 1390 2351 (sest.
1407 2313 1488 2349 §57l

169 2364 208 2392 25
245 2355 463 2393 patrocinium
491 2354 578 2384 codd.
611 2356 633 2391 ζ(
645 2355 795 2393 ο.ι)ἠιο)-ι’
816 2355 931 2393 figura
943 2356 949 2366 ’
987 2354 1117 2394 Lange)
1133 2366 1140 2384 :
1177 2354 1388 2384 latrocinium
1417 2359 1492 2394 post

168 2397 311 2436 Nauger.
337 2397 406 2428 edd.
424 2410 429 2428 ;
456 2397 707 2436 patrimonium,
721 2396 830 2438 (vim)
847 2398 890 2427 A.
914 2397 948 2429 C.
969 2397 1066 2428 Clark

1515 168 1550 198 18

1515 815 1551 847 ¹9

1509 1458 1548 1479 20
