1774 2782
248 158 275 194 9
298 163 336 192 24
663 143 718 178 M.
750 140 917 176 TVLLI
951 136 1255 175 CICERONIS

295 263 336 294 ut
352 255 585 304 excogitaret
599 266 717 302 quern
734 252 784 289 ad
802 250 964 287 modum
980 246 1241 285 calamitatem
1260 258 1387 283 meam
1405 257 1484 282 non
1502 245 1622 282 modo

294 323 437 359 levaret
466 320 535 357 sed
565 317 682 356 etiam
714 318 952 353 honestaret.
1012 312 1121 360 Quid
1153 310 1259 349 enim
1296 309 1618 359 magnificentius,

294 385 389 434 quid
423 382 655 433 praeclarius
689 380 783 418 mihi
815 381 994 418 accidere
1026 377 1153 428 potuit
1183 390 1301 426 quam
1332 376 1439 425 quod
1472 375 1537 413 illo
1568 389 1621 414 re-

294 452 440 488 ferente
470 462 538 486 vos
568 447 804 493 decrevistis,
839 453 879 484 ut
909 444 1041 482 cuncti
1071 458 1118 481 ex
1147 442 1255 481 omni
1288 441 1410 487 Italia,
1442 440 1507 490 qui
1539 453 1619 478 rem

294 514 491 564 publicam
514 515 659 551 salvam
681 513 835 557 vellent,
859 512 909 548 ad
932 524 993 548 me
1015 522 1149 555 unum,
1173 507 1374 545 hominem
1398 507 1560 543 fractum
1583 514 1619 543 et
1639 539 1652 548 ι

293 592 414 630 prope
441 578 683 628 dissipatum,
708 576 994 615 restituendum
1025 582 1062 612 et
1092 573 1389 612 defendendum
1417 570 1621 608 venirent?

293 652 346 691 ut,
368 657 445 693 qua
466 656 561 681 voce
583 651 639 680 ter
659 641 823 680 omnino
844 648 931 690 post
956 642 1126 678 Romam
1148 637 1347 676 conditam
1370 637 1507 674 consul
1528 648 1620 673 usus

294 717 394 748 esset
415 722 484 758 pro
501 707 679 746 universa
700 721 738 745 re
759 706 918 756 publica
937 706 1042 754 apud
1063 717 1130 742 eos
1152 705 1279 741 solum
1296 701 1362 752 qui
1384 701 1466 740 eius
1483 714 1620 739 vocem

294 774 476 813 exaudire
505 780 676 824 possent,
708 773 846 810 eadem
877 784 974 809 voce
1008 777 1166 808 senatus
1196 767 1324 807 omnis
1356 781 1402 805 ex
1435 766 1620 805 omnibus

293 841 392 888 agris
412 846 529 888 atque
550 837 705 887 oppidis
726 836 820 874 civis
842 844 1044 885 totamque
1067 834 1220 872 Italiam
1241 834 1292 871 ad
1313 834 1427 870 unius
1455 833 1619 870 salutem

222 893 273 920 ¹⁰
294 904 585 942 defendendam
611 902 804 940 excitaret.
865 900 973 949 Quid
1001 914 1073 950 ego
1100 899 1305 949 gloriosius
1334 897 1429 936 meis
1457 897 1621 947 posteris

238 951 274 981 ²5
295 968 403 1018 potui
424 968 641 1017 relinquere
663 981 781 1017 quam
810 968 896 1012 hoc,
919 974 1097 1004 senatum
1128 964 1332 1010 iudicasse,
1355 962 1421 1013 qui
1444 963 1537 1001 civis
1559 977 1621 1001 me

294 1048 372 1071 non
388 1032 642 1079 defendisset,
655 1046 744 1071 eum
763 1045 842 1069 rem
860 1030 1060 1081 publicam
1078 1032 1223 1068 salvam
1242 1029 1442 1067 noluisse?
1482 1030 1621 1078 Itaque

294 1107 444 1137 tantum
474 1106 601 1136 vestra
634 1096 855 1142 auctoritas,
888 1103 1040 1133 tantum
1076 1095 1217 1134 eximia
1250 1094 1422 1132 consulis
1453 1093 1621 1143 dignitas

294 1164 411 1201 valuit
434 1171 473 1201 ut
496 1164 670 1201 dedecus
698 1170 735 1200 et
762 1161 950 1211 flagitium
976 1175 1016 1200 se
1044 1160 1289 1199 committere
1316 1166 1479 1209 putaret,
1502 1159 1533 1197 si
1555 1159 1621 1208 qui

294 1243 373 1266 non
394 1228 551 1266 veniret.
614 1229 807 1276 Idemque
837 1228 985 1273 consul,
1013 1240 1103 1264 cum
1134 1226 1198 1263 illa
1229 1224 1467 1263 incredibilis
1498 1224 1623 1262 multi-

294 1296 390 1332 tudo
422 1296 591 1331 Romam
622 1302 659 1330 et
690 1306 815 1341 paene
844 1291 957 1329 Italia
986 1291 1069 1341 ipsa
1090 1290 1269 1336 venisset,
1297 1303 1365 1328 vos
1395 1289 1622 1339 frequentis-

295 1359 413 1397 simos
449 1359 486 1396 in
523 1358 761 1408 Capitolium
799 1356 1039 1396 convocavit.
1101 1358 1193 1405 Quo
1228 1364 1404 1405 tempore
1433 1363 1621 1404 quantam

295 1424 371 1461 vim
402 1432 562 1462 naturae
597 1424 751 1461 bonitas
784 1423 944 1460 haberet
980 1430 1016 1459 et
1046 1435 1136 1459 vera
1171 1420 1365 1466 nobilitas,
1398 1420 1621 1469 intellegere

295 1489 484 1539 potuistis.
546 1491 646 1526 Nam
677 1489 725 1536 Q.
751 1488 946 1534 Metellus,
973 1494 1010 1524 et
1041 1486 1221 1524 inimicus
1251 1493 1288 1524 et
1319 1487 1433 1523 frater
1460 1484 1617 1531 inimici,
1644 1499 1656 1518 2

294 1562 495 1604 perspecta
509 1562 632 1591 vestra
647 1556 846 1591 voluntate
860 1552 993 1590 omnia
1006 1552 1153 1602 privata
1167 1551 1258 1589 odia
1272 1550 1469 1600 deposuit:
1501 1564 1618 1600 quem

296 1622 335 1657 P.
360 1619 551 1665 Servilius,
574 1619 630 1656 vir
650 1632 740 1656 cum
768 1618 1003 1656 clarissimus
1032 1625 1115 1655 tum
1136 1630 1227 1654 vero
1248 1618 1420 1666 optimus
1445 1616 1621 1665 mihique

293 1685 562 1730 amicissimus,
587 1692 624 1722 et
651 1683 890 1721 auctoritatis
912 1691 949 1721 et
970 1682 1156 1721 orationis
1183 1695 1275 1720 suae
1296 1681 1428 1720 divina
1448 1682 1619 1731 quadam

293 1750 477 1800 gravitate
498 1751 547 1788 ad
569 1749 626 1787 sui
653 1751 804 1799 generis
832 1749 1135 1798 communisque
1162 1747 1359 1798 sanguinis
1384 1749 1485 1786 facta
1505 1746 1619 1785 virtu·

294 1824 430 1864 tesque
451 1815 653 1861 revocavit,
677 1822 719 1852 ut
740 1815 900 1853 haberet
923 1814 960 1852 in
983 1815 1148 1852 consilio
1169 1821 1206 1852 et
1228 1814 1382 1851 fratrem
1402 1813 1453 1850 ab
1474 1811 1615 1858 inferis,
1642 1829 1673 1858 2„

294 1882 442 1917 socium
468 1894 593 1918 rerum
622 1894 807 1927 mearum,
831 1888 869 1918 et
896 1879 1024 1917 omnis
1048 1880 1242 1926 Metellos,
1265 1876 1618 1928 praestantissimos

294 1945 396 1991 civis,
428 1958 551 1994 paene
581 1958 626 1983 ex
648 1947 872 1983 Acheronte
902 1945 1099 1992 excitatos,
1130 1944 1169 1982 in
1197 1944 1340 1993 quibus
1362 1942 1619 1981 Numidicum

293 2010 400 2047 illum
417 2008 669 2062 [Metellum]
686 2011 795 2048 cuius
809 2012 1011 2060 quondam
1026 2012 1076 2048 de
1089 2009 1211 2059 patria
1224 2009 1418 2048 discessus
1433 2010 1620 2047 honestus

337 2124 356 2152 3
382 2115 549 2145 referente
570 2127 605 2145 e:
629 2121 725 2145 rente
751 2115 801 2146 P:
834 2116 1026 2155 suffragium
1059 2115 1190 2146 serente
1218 2116 1309 2146 ΒΣΗ
1342 2119 1480 2154 petente
1508 2114 1622 2145 GHss‘s

293 2168 314 2197 9
338 2159 446 2188 omnis
472 2169 514 2188 ex
543 2170 580 2188 ετ
615 2169 657 2188 ex
683 2160 728 2189 k:
762 2170 825 2189 om.
855 2160 923 2189 rell.
1084 2170 1120 2198 15
1148 2160 1295 2189 dedecus
1321 2163 1354 2188 et
1380 2158 1539 2197 flagitium
1566 2167 1620 2187 ee:

295 2202 377 2232 deus
394 2202 561 2240 flagicium
579 2202 642 2231 ΡΒ
658 2214 664 2232 :
689 2203 798 2233 omnis
817 2203 889 2240 flag.
911 2202 965 2232 Hs
1035 2214 1073 2242 19
1097 2208 1130 2233 et
1150 2203 1192 2233 Ge
1209 2214 1216 2233 z
1241 2207 1276 2232 ut
1291 2202 1354 2233 P¹z
1381 2206 1437 2232 aut
1454 2200 1621 2232 P213Hb‘5

295 2254 335 2283 25
360 2245 399 2274 ab
424 2246 541 2276 inseris
565 2246 632 2276 secl.
654 2245 773 2278 Lamb.
915 2247 956 2276 28
982 2246 1155 2277 Metellum
1181 2251 1263 2277 auct.
1286 2247 1416 2277 Manut.
1435 2245 1491 2275 del.
1512 2244 1619 2274 Halm

295 2289 455 2319 honestus
478 2289 633 2319 omnibus
651 2290 711 2319 sed
730 2289 902 2321 luctuosus
922 2295 1032 2320 tamen
1046 2290 1188 2321 Halmio
1206 2295 1290 2322 auct.
1308 2289 1419 2320 Muell.
1437 2301 1443 2319 ε
1468 2288 1620 2318 honestis

293 2332 448 2363 omnibus
478 2342 520 2362 ne
553 2333 602 2371 (in
628 2333 681 2372 Bt,
711 2344 792 2364 sane
824 2334 863 2371 G,
894 2345 959 2365 om.
990 2334 1100 2372 kus)
1134 2335 1306 2364 luctuosus
1337 2334 1472 2364 tandem
1501 2332 1533 2362 P
1554 2330 1617 2362 rell.

289 2379 417 2414 praeter
431 2387 461 2405 ee
486 2376 665 2417 (molestus
685 2377 836 2408 omnibus
854 2378 917 2417 ipsi
935 2389 978 2408 ne
996 2378 1168 2408 luctuosus
1186 2377 1338 2417 quidem)
