1774 2782
255 137 306 173 33

266 496 305 525 88

264 1279 305 1319 89

267 1869 308 1900 90

326 134 365 172 87
692 126 746 161 M.
780 125 947 161 TVLLI
980 122 1287 161 CICERONIS

327 235 476 281 Italiae,
506 247 586 272 non
619 232 816 271 desiderio
848 232 1026 278 civitatis,
1058 231 1198 270 iniuria
1229 230 1476 268 inimicorum
1510 230 1654 279 probro

326 312 405 336 non
422 297 504 344 fuit,
527 298 565 335 in
592 310 666 338 me,
690 297 754 345 qui
786 297 983 345 profectus
1011 310 1097 333 sum
1126 296 1284 345 integer,
1307 294 1386 333 afui
1418 294 1532 332 simul
1562 308 1653 332 curn

325 376 365 400 re
398 362 566 412 publica,
591 363 685 399 redii
718 375 807 398 cum
842 360 1008 399 maxima
1039 361 1228 410 dignitate
1258 369 1295 398 te
1323 360 1422 407 vivo,
1446 361 1559 397 fratre
1585 366 1654 396 tuo

325 429 458 474 alieno,
480 428 603 464 altero
633 427 796 464 consule
823 427 1047 472 reducente,
1077 428 1198 464 altero
1226 422 1441 477 [praetore]
1468 423 1652 474 patiente,

326 500 436 530 tuum
467 493 593 529 scelus
626 505 757 528 meum
789 490 975 540 probrum
1010 499 1121 539 putas
1151 503 1238 528 esse
1270 490 1479 539 oportere?
1537 490 1595 526 Ac
1623 488 1652 526 si
1673 498 1691 530 5

327 570 388 593 me
420 557 588 605 populus
625 557 843 602 Romanus,
881 555 1062 593 incitatus
1102 554 1302 592 iracundia
1340 561 1407 591 aut
1440 552 1597 600 invidia,
1631 567 1654 592 e

324 620 479 658 civitate
519 620 695 658 eiecisset
730 619 918 669 idemque
956 628 1093 669 postea
1133 633 1220 657 mea
1256 619 1292 656 in
1334 632 1414 656 rem
1455 618 1653 668 publicam

325 685 516 723 beneficia
537 686 761 722 recordatus
790 698 830 723 se
858 685 1105 734 conlegisset,
1129 684 1388 723 temeritatem
1410 692 1529 733 atque
1558 682 1655 720 iniu-

325 749 418 787 riam
441 763 550 787 suam
581 749 827 787 restitutione
858 763 945 787 mea
976 748 1301 799 reprehendisset,
1325 756 1458 786 tamen
1477 748 1655 797 profecto

324 828 443 852 nemo
474 823 552 852 tam
583 823 684 852 esset
710 827 848 852 amens
876 814 942 864 qui
972 814 1067 852 mihi
1096 816 1172 852 tale
1198 814 1331 864 populi
1354 813 1542 851 iudicium
1574 826 1654 851 non

324 878 499 927 dignitati
522 879 651 928 potius
668 892 786 928 quam
808 879 993 917 dedecori
1016 887 1168 929 putaret
1191 892 1275 917 esse
1296 886 1487 928 oportere.
1537 879 1654 916 Nunc

324 958 418 983 vero
450 958 541 983 curn
572 959 634 983 me
666 945 703 982 in
736 944 924 982 iudicium
956 945 1090 995 populi
1123 958 1241 984 nemo
1275 945 1452 983 omnium
1496 942 1652 990 vocarit,

325 1011 578 1049 condemnari
606 1024 686 1048 non
715 1010 908 1059 potuerim
938 1010 1005 1060 qui
1032 1018 1239 1048 accusatus
1265 1023 1346 1047 non
1375 1009 1459 1055 sim,
1483 1007 1655 1057 denique

326 1090 374 1114 ne
396 1078 530 1126 pulsus
552 1077 711 1125 quidem
741 1075 793 1113 ita
821 1075 892 1113 sim
919 1084 971 1122 ut,
996 1075 1024 1113 si
1053 1077 1349 1120 contenderem,
1372 1087 1552 1123 superare
1574 1086 1654 1111 non

326 1154 493 1190 possem,
518 1149 733 1189 contraque
758 1154 781 1178 a
808 1142 957 1190 populo
980 1142 1165 1179 Romano
1187 1153 1340 1190 semper
1361 1139 1432 1177 sim
1455 1140 1650 1186 defensus,

325 1207 596 1256 amplificatus,
620 1214 791 1252 ornatus,
811 1205 906 1255 quid
929 1214 986 1244 est
1008 1219 1086 1255 qua
1107 1220 1146 1243 re
1168 1205 1375 1255 quisquam
1400 1204 1492 1242 mihi
1515 1218 1555 1243 se
1572 1204 1655 1254 ipsa

326 1271 502 1321 populari
539 1270 690 1309 ratione
720 1273 968 1320 anteponat?
1035 1273 1098 1308 An
1130 1280 1171 1309 tu
1203 1272 1393 1321 populum
1428 1272 1654 1308 Romanum

326 1350 410 1374 esse
425 1336 531 1373 illum
547 1344 660 1386 putas
683 1337 747 1385 qui
771 1344 925 1373 constat
947 1350 993 1373 ex
1015 1336 1060 1373 iis
1082 1336 1149 1386 qui
1169 1337 1351 1374 mercede
1366 1337 1653 1383 conducuntur,

326 1401 390 1451 qui
414 1401 667 1450 impelluntur
689 1407 729 1437 ut
752 1400 828 1437 vim
852 1401 1029 1438 adferant
1054 1401 1354 1451 magistratibus,
1379 1409 1419 1438 ut
1447 1401 1656 1439 obsideant

326 1475 516 1511 senatum,
549 1473 686 1514 optent
714 1465 859 1503 cotidie
890 1467 1065 1512 caedem,
1096 1466 1289 1513 incendia,
1320 1466 1503 1515 rapinas?
1536 1478 1654 1515 quem

326 1540 367 1569 tu
402 1539 532 1569 tamen
569 1531 759 1580 populum
796 1530 868 1568 nisi
905 1530 1077 1569 tabernis
1114 1531 1255 1569 clausis
1292 1532 1537 1581 frequentare
1576 1544 1656 1568 non

327 1604 489 1645 poteras,
532 1597 593 1633 cui
634 1597 782 1645 populo
816 1597 938 1635 duces
976 1598 1190 1644 Lentidios,
1231 1596 1390 1643 Lollios‚
1424 1595 1655 1645 Plaguleios,

327 1660 480 1709 Sergios
539 1662 789 1709 praefeceras.
865 1662 901 1699 O
952 1661 1122 1711 speciem
1172 1660 1482 1710 dignitatemque
1522 1659 1656 1709 populi

328 1725 509 1771 Romani,
535 1738 651 1774 quam
682 1739 802 1775 reges,
826 1739 944 1776 quam
973 1727 1152 1765 nationes
1180 1734 1346 1772 exterae,
1375 1739 1492 1775 quam
1520 1732 1656 1774 gentes

326 1790 486 1828 ultimae
514 1790 802 1840 pertimescant,
827 1792 1119 1831 multitudinem
1149 1781 1355 1830 hominuin
1384 1805 1429 1829 ex
1458 1791 1586 1836 servis,
1609 1803 1654 1827 ex

327 1855 545 1902 conductis,
574 1869 619 1893 ex
650 1856 888 1903 facinerosis,
917 1871 963 1896 ex
992 1857 1198 1907 egentibus
1224 1859 1524 1907 congregatam!
1585 1856 1657 1892 Illa

328 1921 397 1958 fuit
426 1921 676 1970 pulchritudo
705 1923 839 1972 populi
872 1923 1054 1969 Romani,
1080 1923 1143 1961 illa
1171 1925 1294 1961 forma
1315 1936 1431 1972 quarn
1456 1921 1493 1959 in
1515 1934 1657 1970 campo

371 2034 388 2053 2
414 2035 486 2054 cum
508 2035 542 2055 re
562 2026 705 2064 publica,
724 2028 805 2058 redii
824 2038 897 2058 curn
914 2027 1170 2067 Pantagathus:
1197 2038 1269 2057 cum
1288 2026 1371 2068 reip.
1388 2028 1427 2067 (r.
1438 2037 1469 2066 p.
1488 2025 1530 2065 G)
1548 2026 1653 2055 dicam

327 2067 414 2098 codd.
432 2068 551 2108 (dicam
566 2080 630 2101 om.
646 2071 679 2110 k)
774 2082 794 2109 3
811 2077 844 2102 te
857 2071 943 2102 ksol.
963 2083 969 2101 :
986 2071 1048 2102 etl)
1064 2082 1071 2102 :
1086 2071 1132 2101 ad
1142 2071 1235 2110 Quir.
1254 2074 1269 2109 ξ
1286 2081 1323 2101 10
1412 2081 1431 2108 4
1455 2070 1566 2100 alieno
1577 2069 1652 2099 add.

327 2109 509 2150 Landgraf
614 2120 770 2153 praetore
789 2115 847 2146 del.
869 2114 1054 2154 Landgraf
1166 2115 1315 2154 patiente
1333 2113 1465 2145 Manut.
1481 2125 1487 2140 τ
1517 2118 1656 2152 petente

327 2153 413 2185 codd.
438 2155 517 2194 pler.
536 2167 543 2186 z
578 2163 754 2197 repetente
785 2157 893 2188 Halm
909 2170 915 2189 :
952 2159 1120 2189 referente
1150 2158 1266 2189 Klotz:
1308 2168 1374 2188 non
1405 2157 1656 2188 contradicente

330 2198 442 2228 Garat.
458 2199 603 2237 (namin
619 2201 647 2232 G
660 2205 706 2232 es!
719 2203 871 2232 dicente:
895 2213 976 2232 num
989 2213 1055 2232 non
1072 2203 1277 2241 impediente
1289 2202 1334 2241 2):
1361 2202 1557 2240 quiescente
1575 2201 1658 2230 inter

327 2241 409 2271 alios
430 2241 605 2273 Muellerus
631 2246 639 2262 f
646 2244 692 2274 ad
706 2245 797 2285 Quir.
822 2249 857 2283 §§
878 2256 925 2284 15,
950 2247 1015 2283 18).
1067 2246 1187 2276 Tolum
1206 2246 1312 2275 locum
1330 2245 1388 2275 hoc
1405 2244 1501 2275 modo
1518 2244 1657 2274 restituit

327 2283 510 2326 Landgraf
532 2287 704 2325 J‘Bursian,
735 2290 825 2327 1886,
857 2289 888 2326 ii,
915 2295 946 2329 p.
974 2299 1036 2328 227
1055 2292 1142 2328 sq.):
1177 2294 1210 2318 te
1234 2290 1320 2325 vivo,
1348 2288 1444 2329 (uno)
1470 2288 1571 2318 fratre
1596 2292 1655 2317 tuo

328 2328 475 2368 (alieno),
495 2330 602 2361 altero
626 2332 764 2362 consule
782 2333 976 2371 reducente,
995 2333 1101 2363 altero
1118 2333 1266 2371 patiente
1284 2331 1366 2362 Sest.
1388 2335 1402 2368 ξ
1420 2332 1471 2370 87,
1490 2330 1557 2362 Pis.
1580 2334 1595 2368 ξ
1614 2340 1654 2369 35

332 2373 369 2400 16
395 2372 425 2401 in
446 2374 518 2412 ipsa
532 2374 613 2406 Ern.
704 2386 745 2405 20
768 2380 883 2414 optant
904 2379 963 2415 (an
981 2377 1164 2415 cogitant3)
1181 2375 1276 2405 malit
1288 2375 1427 2405 Mueller
1513 2377 1555 2404 26
1579 2374 1655 2404 faci-

328 2417 462 2445 nerosis
480 2418 529 2447 P:
557 2419 682 2449 -orosis
701 2419 732 2448 Β
751 2420 814 2450 rell.

1676 829 1689 850 Ϊ
1694 830 1714 851 0

1677 1152 1714 1183 15

1678 1476 1716 1497 20

1677 1798 1716 1829 25
