1774 2782
262 155 335 191 DE
367 155 533 193 DOMO
563 155 665 191 SVA
698 154 772 190 AD
807 152 1142 191 PONTIFICES
1174 152 1390 190 ORATIO
1447 160 1496 197 25
1515 157 1556 186 66

170 263 341 312 expulso,
366 262 518 300 Catone
547 262 771 307 amandato,
796 260 834 298 in
866 274 954 299 eum
985 260 1114 311 ipsum
1140 274 1180 298 se
1205 260 1395 298 convertit
1417 274 1496 310 quo

168 335 337 373 auctore,
358 339 437 376 quo
458 325 636 364 adiutore
657 327 695 363 in
717 325 973 364 contionibus
996 339 1041 363 ea
1063 339 1163 375 quae
1184 325 1341 375 gerebat
1364 324 1496 363 omnia

168 404 348 442 quaeque
369 398 537 441 gesserat
559 404 599 428 se
620 399 658 429 et
686 392 825 429 secisse
849 398 888 429 et
917 392 1043 429 facere
1069 390 1225 428 dicebat
1245 406 1252 428 ε
1286 392 1358 429 Cn.
1384 392 1496 427 Pom-

168 456 312 506 peium,
335 469 451 505 quem
481 455 658 493 omnium
681 455 827 494 iudicio
849 456 965 505 longe
987 454 1204 505 principem
1225 469 1310 493 esse
1331 453 1496 492 civitatis

132 542 148 573 5
170 521 340 568 videbat,
357 520 501 558 diutius
517 519 631 558 furori
654 533 725 558 suo
747 522 900 558 veniam
924 521 1108 558 daturum
1131 533 1210 558 non
1226 519 1494 558 arbitrabatur.

169 587 247 634 Qui
270 599 317 624 ex
337 585 420 624 eius
441 584 620 623 custodia
648 598 716 635 per
744 585 905 623 insidias
933 584 1031 634 regis
1058 584 1173 622 amici
1197 584 1319 622 filium
1342 586 1495 622 hostem

169 650 366 701 captivum
397 649 653 699 surripuisset,
686 658 724 688 et
760 664 806 688 ea
836 650 976 688 iniuria
1006 650 1130 688 virum
1163 649 1416 688 fortissimum
1447 650 1497 686 la-

168 714 357 761 cessisset,
381 713 546 764 speravit
577 713 701 752 isdem
723 728 763 752 se
785 713 909 764 copiis
932 727 1021 752 cum
1046 715 1111 752 illo
1142 727 1258 764 posse
1288 713 1495 762 confligere

168 781 404 830 quibuscum
436 792 509 829 ego
539 779 751 818 noluissem
783 780 981 818 bonorum
1014 780 1187 829 periculo
1229 779 1425 823 dimicare,
1459 787 1496 816 et

111 866 150 888 10
169 847 295 895 primo
316 843 476 894 quidem
498 843 743 882 adiutoribus
769 844 1026 892 consulibu53
1057 852 1194 894 postea
1222 844 1332 893 fregit
1358 844 1495 881 foedus

168 909 372 956 Gabinius,
392 908 482 947 Piso
504 916 634 946 tamen
658 908 696 946 in
717 910 795 947 fide
817 909 972 947 mansit.
1031 911 1140 958 Quas
1158 909 1230 948 iste
1251 917 1333 947 tum
1351 908 1492 953 caedis,
1515 921 1556 963 67

168 988 264 1024 quas
294 973 563 1024 lapidationes,
589 987 685 1023 quas
716 975 825 1024 sugas
856 974 1000 1022 fecerit,
1022 988 1141 1024 quam
1172 975 1284 1012 facile
1314 975 1413 1013 ferro
1435 989 1497 1013 co-

168 1040 405 1089 tidianisque
437 1038 598 1085 insidiis,
618 1052 708 1077 cum
740 1039 815 1078 iam
838 1054 861 1078 a
883 1039 1108 1078 firmissimo
1134 1040 1273 1078 robore
1295 1041 1495 1090 copiarum

168 1118 323 1143 suarum
358 1103 513 1142 relictus
547 1111 659 1151 esset,
684 1106 756 1144 Cn.
782 1105 1017 1155 Pompeium
1047 1107 1132 1143 foro
1162 1105 1346 1155 curiaque
1377 1106 1498 1156 priva·

112 1191 146 1221 15
168 1171 214 1208 rit
247 1169 435 1219 domique
465 1169 713 1217 continuerit,
738 1169 915 1208 vidistis:
943 1184 991 1209 ex
1022 1183 1102 1220 quo
1133 1169 1304 1208 iudicare
1335 1171 1496 1220 potestis

167 1243 314 1285 quanta
344 1234 400 1272 vis
430 1235 495 1272 illa
524 1234 635 1272 suerit
666 1234 795 1273 oriens
826 1243 863 1273 et
893 1243 1139 1285 congregata,
1171 1248 1261 1272 cum
1293 1236 1389 1275 haec
1420 1238 1492 1276 Cn.

168 1299 402 1350 Pompeium
426 1299 601 1338 terruerit
623 1299 699 1337 iam
722 1299 906 1338 distracta
927 1308 965 1338 et
986 1300 1187 1338 exstincta.

223 1368 335 1404 Haec
368 1365 464 1404 vidit
497 1364 534 1403 in
570 1365 764 1404 sententia
798 1365 968 1404 dicenda
1002 1365 1194 1404 Kalendis
1223 1366 1412 1405 Ianuariis
1440 1367 1494 1405 vir

169 1430 495 1481 prudentissimus
523 1439 561 1469 et
588 1444 679 1468 cum
710 1430 762 1468 rei
793 1430 987 1480 publicae,
1015 1444 1104 1468 cum
1133 1430 1239 1477 mihi,
1263 1439 1346 1469 tum
1377 1432 1494 1470 etiam

110 1517 148 1538 20
168 1496 317 1536 veritati
346 1495 616 1542 amicissimus,
652 1497 693 1534 L.
727 1497 856 1542 Cotta,
890 1495 956 1545 qui
999 1497 1125 1545 legem
1169 1497 1218 1535 de
1250 1510 1339 1534 meo
1369 1497 1495 1535 reditu

169 1563 369 1600 ferendam
401 1576 480 1600 non
516 1562 696 1608 censuit3
738 1561 804 1611 qui
846 1574 910 1599 me
941 1561 1186 1600 consuluisse
1217 1561 1270 1599 rei
1302 1562 1494 1611 publicae,

167 1627 330 1665 cessisse
352 1627 585 1677 tempestati,
604 1626 831 1665 amiciorem
850 1626 961 1665 vobis
978 1626 1195 1676 ceterisque
1212 1627 1363 1665 civibus
1377 1641 1495 1678 quam

168 1691 263 1729 mihi
297 1692 499 1739 exstitisse,
536 1691 583 1738 vi,
620 1693 748 1739 armis,
780 1692 1028 1730 dissensione
1061 1693 1268 1730 hominum
1301 1700 1340 1731 et
1375 1694 1496 1731 caede

169 1757 345 1795 instituta
366 1771 547 1808 novoque
568 1757 774 1796 dominatu
795 1759 952 1807 pulsum
975 1771 1059 1796 esse
1081 1757 1200 1804 dixit3
1229 1757 1325 1795 nihil
1343 1759 1392 1796 de
1407 1771 1496 1796 meo

111 1839 149 1870 25
169 1822 296 1872 capite
317 1822 490 1872 potuisse
511 1823 608 1869 ferri,
625 1822 721 1860 nihil
736 1836 822 1861 esse
837 1823 919 1860 iure
937 1822 1124 1873 scriptum
1141 1830 1207 1860 aut
1225 1836 1339 1872 posse
1356 1824 1492 1867 valere,

168 1888 301 1926 omnia
328 1896 463 1926 contra
489 1890 592 1938 leges
613 1902 844 1938 moremque
866 1889 1058 1926 maiorum
1080 1896 1234 1934 temere,
1259 1888 1492 1934 turbulente,

168 1966 236 2002 per
256 1954 345 1999 vim,
365 1966 432 2002 per
453 1954 621 1991 furorem
643 1966 728 1991 esse
749 1961 869 2003 gesta.
930 1954 1050 2000 Quod
1069 1952 1099 1990 si
1122 1954 1185 1990 illa
1206 1954 1265 1990 lex
1287 1961 1397 1999 esset,
1422 1967 1494 1991 nec

1513 1349 1567 1387 26

1515 1409 1556 1441 68

211 2066 230 2095 3
254 2062 287 2087 et
305 2056 423 2087 secisse
444 2056 595 2088 Gulielm.
613 2068 620 2086 t
645 2057 799 2087 effecisse
816 2056 905 2088 codd.
919 2061 1050 2097 praeter
1062 2056 1101 2086 M
1118 2056 1269 2095 (secisse)
1360 2058 1380 2087 6
1405 2057 1494 2096 regis

167 2099 320 2130 Armenii
337 2099 523 2140 Lahmeyer
670 2111 706 2139 15
733 2101 890 2139 domique
911 2101 1104 2139 (domuique
1118 2102 1143 2139 2)
1164 2101 1366 2131 continuerit
1384 2101 1494 2140 scripsi

169 2146 202 2181 (ξ
220 2154 228 2172 1
242 2145 311 2182 103:
335 2145 537 2183 domumque
548 2144 730 2175 P²HBl1t⁶T
743 2145 976 2182 (domiumque
990 2144 1044 2182 1³¹,
1058 2144 1272 2183 omniumque
1287 2144 1358 2174 GM
1383 2145 1491 2174 conie-

168 2188 249 2217 cerit
270 2186 357 2217 codd.
379 2189 459 2227 (om.
476 2187 559 2226 P¹):
579 2187 780 2226 compulerit
797 2187 906 2217 Halm
928 2188 1028 2225 (Har.
1046 2188 1145 2228 Resp.
1163 2189 1178 2223 ἐ
1198 2188 1254 2226 58)
1331 2198 1371 2226 23
1396 2188 1492 2227 mihi]

168 2231 248 2260 mihi
274 2236 347 2260 acta
371 2236 422 2261 est
439 2229 617 2260 P¹EtHG2
644 2231 677 2260 in
695 2230 833 2261 Pverlm
857 2236 931 2261 acta
949 2236 999 2261 est
1016 2230 1114 2261 deleta
1130 2235 1210 2261 sunl
1225 2243 1231 2261 ε
1256 2231 1335 2260 milii
1358 2242 1395 2261 ae
1411 2231 1493 2260 meis

168 2274 356 2313 Naugerius
369 2274 417 2312 (1)
433 2286 439 2304 :
457 2274 537 2304 mihi
549 2285 586 2304 ac
598 2279 630 2304 te
644 2285 696 2304 me
713 2273 789 2305 ked.
809 2274 861 2304 V.:
880 2285 964 2304 num
976 2275 1056 2304 mihi
1072 2275 1132 2304 hac
1150 2282 1153 2303 i*
1164 2286 1188 2306 s.
1206 2285 1245 2305 ea
1257 2297 1258 2302 ,
1272 2276 1492 2313 tempestate?

169 2318 338 2347 exstitisse
363 2317 411 2347 Ι)2
428 2328 434 2347 :
459 2317 642 2356 expetiisse
667 2317 758 2347 P¹Bt
775 2318 870 2357 (-isse
886 2317 918 2356 b)
1010 2318 1223 2348 dissensione
1241 2318 1327 2348 codd.
1343 2330 1348 2348 :
1378 2318 1493 2348 discri-

168 2360 283 2398 ptione
308 2359 420 2391 Muell.
446 2361 618 2399 [descript.
641 2360 782 2399 Madv),
803 2361 839 2400 cs.
860 2364 874 2398 ξ
902 2371 963 2399 129
1055 2366 1088 2391 et
1107 2361 1151 2390 122
1170 2362 1257 2391 rell.:
1284 2366 1339 2391 aut
1364 2361 1407 2390 P¹
1437 2361 1491 2399 (ad

169 2405 304 2433 caedem
323 2404 425 2443 vulgst
547 2414 586 2442 24
613 2404 778 2443 instituta}
797 2403 979 2434 instaurata
996 2404 1088 2443 Reid,
1104 2405 1140 2444 cf.
1164 2406 1178 2440 ξ
1196 2406 1216 2433 6
1356 2414 1396 2441 25
1422 2405 1491 2434 iure

168 2447 326 2486 scriptum
346 2446 462 2477 Lamb.
482 2458 487 2476 z
513 2447 708 2487 inscriptum
726 2447 758 2477 P
773 2447 835 2478 rell.
853 2452 982 2488 practer
999 2447 1068 2478 GM
1083 2448 1336 2487 gproscriptum)
