1774 2782
652 162 1069 203 PRAEFATIO

189 282 390 317 accurata
410 275 587 317 collatio
617 288 727 315 nunc
761 276 937 315 demum
972 276 1013 315 in
1044 276 1234 315 medium
1268 275 1517 328 proseratur.

195 345 313 385 Inter
346 344 480 385 libros
511 344 586 398 qui
615 344 790 384 saeculo
823 345 976 397 quinto
1013 345 1182 385 decimo
1220 344 1389 384 exarati
1420 348 1519 382 sunt

193 413 424 466 praecipue
455 413 864 452 commemorandus
897 420 963 453 est
992 413 1085 452 cod.
1113 410 1154 452 S.
1179 411 1315 452 Marci
1342 421 1424 466 255
1450 409 1520 464 (b),

192 495 281 534 quo
302 482 388 522 iam
407 481 448 521 in
471 480 666 521 Verrinis
688 481 866 522 edendis
888 495 987 521 usus
1010 495 1121 531 sum,
1143 488 1184 521 et
1208 481 1263 520 de
1284 494 1371 532 quo
1393 479 1520 532 plura

194 563 330 603 nuper
355 549 527 602 scripsit
550 548 761 589 Albertus
786 548 832 589 C.
864 549 996 590 Clark
1027 548 1081 603 (v.
1105 548 1327 588 Anecdota
1363 547 1521 588 Oxonz‘-

192 617 326 670 cusia,
362 616 569 658 Classical
606 616 760 668 Series,
791 618 891 658 Part
926 618 986 668 ix,
1015 632 1055 671 p.
1086 630 1114 668 4
1141 614 1268 672 sqq).
1332 616 1517 657 Videtur

194 686 390 727 librarius
422 685 546 726 huius
570 687 728 727 codicis
755 693 928 727 textum
951 687 1176 740 vulgatum
1208 687 1268 727 ita
1290 699 1381 725 csse
1403 699 1521 726 secu-

195 762 264 796 tus
298 761 344 795 ut
377 756 521 795 omnia
553 756 744 808 undique
776 756 998 809 collegerit
1030 769 1141 808 quae
1173 756 1220 794 iis
1252 754 1522 807 temporibus

195 825 488 878 suppetebant
510 824 564 864 ad
588 838 750 865 errores
773 825 1000 865 tollendos.
1067 823 1153 865 Sed
1177 838 1254 877 per
1278 822 1521 864 Sestianam

196 901 239 934 et
262 893 542 934 Vatinianam
565 895 739 935 easdem
764 894 946 935 exhibet
968 894 991 934 b
1014 893 1189 933 lacunas
1219 906 1330 947 quae
1362 892 1447 932 iam
1481 893 1522 931 in

201 962 503 1004 Hdenotatae
526 969 637 1004 sunt.
699 962 814 1004 Illud
838 969 1007 1004 tantum
1034 970 1098 1003 est
1121 963 1458 1010 admonendum,
1482 962 1524 1001 in

201 1031 381 1072 dimidia
396 1030 619 1072 Sestianae
641 1038 763 1086 parte
776 1034 930 1087 (usque
952 1033 1008 1072 ad
1032 1032 1053 1086 ξ
1078 1030 1148 1085 74)
1172 1037 1214 1071 et
1236 1044 1313 1084 per
1325 1030 1522 1071 Vatinia-

200 1101 446 1150 nam,—sed
480 1115 565 1142 non
602 1102 644 1141 in
687 1101 770 1142 fine
807 1102 932 1142 huius
978 1101 1196 1150 orationis,
1229 1101 1302 1141 ubi
1343 1113 1440 1140 cum
1477 1099 1527 1139 H

200 1184 373 1222 prorsus
403 1170 603 1223 congruit
629 1170 777 1220 b‚—ab
810 1171 945 1211 altera
977 1184 1108 1211 manu
1131 1168 1210 1224 (b'2)
1242 1171 1300 1209 ita
1324 1168 1525 1222 expletas

200 1252 293 1278 esse
322 1253 395 1279 eas
421 1239 593 1279 lacunas
626 1246 671 1279 ut
702 1246 959 1280 contextum
986 1240 1097 1280 inter
1119 1253 1163 1279 se
1187 1238 1344 1278 faciant
1367 1237 1390 1277 b
1412 1243 1453 1277 et
1485 1237 1524 1277 ὂ]

199 1307 333 1349 talem
357 1308 531 1349 omnino
553 1309 692 1361 qualis
716 1309 758 1348 in
780 1309 972 1349 editione
996 1309 1196 1349 Romana
1226 1306 1375 1360 (1471)
1399 1306 1526 1347 nobis

202 1384 265 1418 est
295 1378 491 1418 traditus.

259 1445 390 1499 Quod
414 1459 438 1485 a
461 1444 501 1485 ὃ]
523 1445 564 1485 in
586 1446 650 1485 his
673 1445 940 1486 orationibus
963 1446 1313 1498 praetermissum
1331 1452 1394 1485 est
1417 1445 1459 1484 id
1482 1444 1524 1484 in

202 1515 374 1555 duobus
405 1513 631 1567 suppletur
663 1514 884 1555 codicibus
915 1529 1099 1568 quorum
1132 1514 1370 1568 pleniorem
1410 1513 1522 1554 noti-

202 1584 310 1624 tiam
333 1582 507 1624 Clarkio
529 1583 740 1623 debemus
762 1581 851 1638 (op.
874 1584 960 1636 cit.‚
983 1597 1023 1636 p.
1047 1581 1144 1639 27):
1192 1583 1236 1623 hi
1258 1590 1356 1623 sunt
1378 1581 1525 1623 Oxou.

206 1648 368 1690 Canon.
411 1650 492 1691 226
543 1649 598 1703 (c)
639 1656 681 1690 et
737 1650 867 1690 Paris.
913 1659 1021 1703 7779
1064 1648 1140 1705 (k).
1220 1649 1416 1701 Scriptus
1465 1656 1527 1689 est

204 1719 297 1760 cod.
319 1718 348 1759 le
369 1732 482 1759 anno
514 1729 634 1773 1459,
656 1724 698 1758 et
731 1725 878 1771 potest
909 1719 1122 1772 posterior
1147 1732 1239 1759 esse
1269 1732 1399 1771 quam
1429 1719 1523 1758 cod.

204 1803 237 1837 c,
280 1794 326 1828 ut
377 1794 505 1840 putat
556 1787 781 1828 Clarkius:
839 1801 941 1828 nam
982 1788 1145 1841 priores
1186 1788 1228 1828 in
1271 1802 1316 1828 se
1356 1787 1528 1827 videtur

205 1857 568 1909 comprehendere
599 1864 790 1905 conatus,
827 1863 870 1897 et
908 1857 1146 1910 aliquando
1183 1857 1527 1897 emendatiorem

206 1927 385 1979 praebet
417 1933 590 1967 textum
626 1940 757 1980 quam
781 1924 832 1967 c.1
893 1926 1006 1967 lllud
1040 1926 1083 1967 in
1120 1927 1215 1967 cod.
1239 1926 1267 1967 lc
1295 1926 1337 1965 in
1378 1926 1528 1979 primis

250 2024 261 2044 1
287 2024 428 2064 Signum
452 2026 496 2056 sit
518 2027 703 2057 communis
730 2037 804 2057 cum
823 2027 918 2057 codd.
939 2027 989 2056 bk
1005 2026 1147 2066 aliisque
1175 2027 1316 2065 originis
1342 2027 1430 2065 quod
1454 2031 1528 2065 post

207 2070 309 2099 verba
322 2080 372 2099 em
389 2071 614 2110 qm'pulentm‘
627 2070 715 2100 Sest.
731 2074 745 2108 ξ
764 2081 775 2100 1
786 2081 824 2108 19
839 2071 989 2109 sequitur
1002 2071 1096 2101 locus
1111 2082 1129 2100 e
1145 2074 1159 2108 ξ
1176 2071 1236 2100 116
1250 2070 1428 2100 translatus
1439 2069 1491 2099 Ex
1504 2073 1531 2099 te

208 2112 319 2152 igitur,
333 2111 465 2153 scam-e,
483 2119 546 2145 etc.
578 2113 703 2144 Eadem
716 2113 866 2143 confusio
884 2114 918 2144 in
938 2114 990 2143 ed.
1008 2114 1163 2144 Romana
1177 2116 1294 2154 (1471)
1309 2118 1341 2143 et
1359 2114 1392 2143 in
1411 2112 1529 2142 editio-

209 2156 308 2185 nibus
325 2156 460 2195 Angelii
476 2156 594 2197 (1515)
612 2162 711 2196 atque
729 2156 890 2195 Naugerii
907 2158 1024 2196 (1519)
1044 2158 1237 2196 reperitur:
1265 2157 1299 2187 in
1325 2158 1377 2187 ed.
1396 2157 1529 2186 demum

210 2199 427 2237 Hervagiana
445 2202 562 2240 (1534)
575 2211 677 2230 verus
693 2200 882 2231 restituitur
894 2205 1019 2239 textus,
1037 2201 1153 2231 codice
1168 2201 1282 2239 aliquo
1300 2200 1455 2230 nimirum
1472 2200 1530 2229 ad-

208 2242 316 2272 hibito
333 2244 389 2282 qui
407 2253 427 2273 a
444 2245 518 2275 cod.
535 2244 689 2275 Pminus
705 2245 860 2275 distabat.
908 2244 1037 2274 Confer
1053 2245 1151 2274 etiam
1170 2244 1232 2274 llos
1250 2244 1341 2273 locos
1358 2245 1398 2273 de
1414 2243 1531 2282 quibus

209 2296 227 2315 e
245 2286 329 2316 meis
346 2287 481 2317 schedis
498 2288 632 2318 notulas
656 2290 816 2327 quasdam
839 2287 986 2327 profero,
1011 2289 1101 2318 unde
1126 2288 1268 2326 liquebit
1289 2288 1409 2317 menda
1433 2286 1532 2316 huius

210 2329 352 2359 familiae
369 2330 468 2361 altius
485 2341 503 2360 a
520 2331 592 2361 cod.
609 2330 795 2362 Harleiano
812 2331 1008 2370 plerumque
1026 2342 1103 2362 esse
1121 2331 1224 2370 petita
1242 2342 1249 2361 :
1272 2331 1313 2361 de
1333 2331 1425 2360 Dom.
1455 2332 1469 2366 ξ
1492 2330 1529 2358 18

211 2372 293 2402 Rem
311 2374 497 2404 maximam
518 2375 565 2404 cri
587 2374 625 2404 ui
638 2379 754 2414 apeslc
769 2375 910 2413 summi,
929 2380 1006 2412 ete„
1027 2374 1066 2404 H
1081 2375 1098 2404 Ι)
1114 2375 1133 2404 k
1150 2386 1183 2405 c:
1217 2378 1232 2412 ξ
1251 2384 1292 2413 34
1309 2375 1367 2404 lzoc
1380 2373 1449 2403 dico
1465 2384 1531 2402 esse

205 2416 483 2458 parricidinm<=
502 2380 602 2449 hocsic
620 2428 695 2449 esse
720 2418 926 2458 patricium),
946 2418 976 2447 H
997 2418 1014 2446 b
1031 2419 1049 2447 le
1068 2428 1082 2447 c
1100 2430 1105 2448 :
1131 2417 1207 2449 ibid.
1230 2421 1243 2455 ξ
1263 2428 1302 2456 37
1323 2417 1391 2447 Cur
1412 2428 1531 2456 crgo—

842 2472 875 2505 xi
