1774 2782
158 537 175 568 5

141 863 179 885 10

145 1522 185 1542 20

149 2165 189 2196 3⁶)

282 156 356 192 DE
388 154 714 193 PROVINCIIS
747 153 1172 192 CONSVLARIBVS
1204 152 1420 191 ORATIO
1488 153 1515 190 6
1539 166 1576 198 14

196 267 289 303 Hoc
313 264 445 303 statuit
473 273 640 312 senatus,
664 278 754 302 cum
783 267 965 314 frequens
991 265 1317 314 supplicationem
1345 265 1516 303 Gabinio

195 329 425 379 denegavit:
466 331 633 380 primum
670 331 821 367 homini
854 330 1066 368 sceleribus
1093 329 1246 379 flagitiis
1278 329 1517 368 contamina-

198 394 345 433 tissimo
366 396 461 432 nibil
487 408 571 433 esse
595 396 849 441 credendum,
874 396 1020 433 deinde
1047 409 1068 433 a
1093 397 1303 444 proditore,
1326 403 1445 444 atque
1470 408 1517 432 eo

196 472 313 508 quem
334 467 579 508 praesentem
606 460 760 497 hostem
786 461 838 498 rei
866 459 1047 509 publicae
1071 467 1290 509 cognosset,
1315 459 1416 497 bene
1437 472 1517 497 rem

197 523 392 574 publicam
417 525 496 574 geri
524 538 603 562 non
629 525 814 574 potuisse,
842 533 1042 574 postremo
1067 538 1116 563 ne
1143 526 1238 563 deos
1264 525 1423 574 quidem
1454 526 1519 561 im-

198 589 370 626 mortalis
397 589 496 626 velle
519 589 656 638 aperiri
685 602 753 627 sua
778 590 924 638 templa
952 597 989 627 et
1018 590 1089 627 sibi
1116 589 1322 639 supplicari
1350 589 1519 627 hominis

199 653 447 703 impurissimi
473 661 510 692 et
537 653 822 692 sceleratissimi
850 654 1020 692 nomine.
1082 656 1221 703 Itaque
1246 654 1308 692 ille
1335 655 1430 692 alter
1454 662 1520 691 aut

199 717 281 767 ipse
307 726 365 756 est
392 719 513 756 homo
540 719 681 756 doctus
709 726 746 757 et
776 733 798 757 a
828 719 906 757 suis
938 720 1096 757 Graecis
1127 719 1307 757 subtilius
1334 719 1519 765 eruditus,

200 782 435 832 quibuscum
468 784 544 820 iam
577 782 616 820 in
651 791 802 821 exostra
838 785 1041 831 helluatur,
1070 792 1184 822 antea
1217 792 1304 833 post
1337 784 1520 832 siparium

201 848 361 892 solebat,
379 855 444 885 aut
465 849 612 885 amicos
629 848 747 886 habet
769 850 1040 898 prudentiores
1058 862 1175 898 quam
1193 848 1395 894 Gabinius,
1413 849 1522 885 cuius

201 914 330 951 nullae
350 914 499 951 litterae
520 913 778 962 proferuntur.

255 980 392 1016 Hosce
417 979 531 1028 igitur
555 979 807 1028 imperatores
833 979 1098 1017 habebimus?
1129 991 1295 1029 quorum
1320 980 1416 1016 alter
1443 991 1522 1015 non
1544 959 1583 1040 ’17

200 1045 318 1082 audet
333 1056 404 1082 nos
418 1043 600 1082 certiores
615 1045 740 1082 facere
753 1058 828 1093 qua
839 1058 877 1081 re
890 1044 1099 1094 imperator
1112 1044 1521 1094 appelletur‚alterum,
1569 1029 1584 1050 ³

202 1109 232 1146 si
249 1108 437 1147 tabellarii
454 1122 534 1147 non
553 1108 750 1155 cessarint,
771 1122 931 1147 necesse
948 1118 1004 1147 est
1021 1110 1155 1158 paucis
1172 1108 1313 1147 diebus
1328 1109 1524 1158 paeniteat

165 1193 179 1223 l
202 1175 369 1213 audere:
401 1173 510 1212 cuius
531 1175 646 1212 amici
675 1175 705 1211 si
731 1175 797 1223 qui
826 1182 927 1221 sunt,
952 1182 1018 1212 aut
1046 1176 1075 1212 si
1101 1174 1239 1212 beluae
1264 1181 1342 1211 tam
1364 1172 1524 1210 immani

202 1248 362 1289 tamque
400 1247 545 1278 taetrae
580 1247 744 1288 possunt
779 1240 844 1276 ulli
876 1252 960 1277 esse
994 1240 1120 1286 amici,
1153 1240 1226 1276 hac
1255 1239 1525 1276 consolatione

202 1313 374 1351 utuntur,
397 1305 513 1343 etiam
536 1307 583 1343 Τ.
600 1306 771 1342 Albucio
789 1304 1114 1353 supplicationem
1136 1306 1241 1342 hunc
1262 1303 1439 1342 ordinem
1462 1304 1526 1341 de-

203 1383 375 1419 negasse.
436 1371 557 1418 Quod
581 1378 639 1408 est
664 1371 832 1419 primum
859 1369 1057 1416 dissimile,
1081 1382 1140 1407 res
1167 1369 1205 1406 in
1231 1368 1408 1407 Sardinia
1435 1380 1524 1405 cum

203 1436 447 1472 mastrucatis
469 1435 695 1472 latrunculis
718 1447 740 1472 a
762 1442 1012 1483 propraetore
1036 1447 1113 1471 una
1141 1435 1302 1471 cohorte
1329 1431 1526 1470 auxiliaria

204 1509 321 1549 gesta,
349 1508 386 1538 et
415 1500 564 1538 bellum
595 1513 685 1537 cum
717 1501 896 1537 maximis
927 1499 1057 1549 Syriae
1080 1498 1263 1549 gentibus
1293 1504 1329 1534 et
1355 1498 1526 1547 tyrannis

205 1566 400 1603 consulari
415 1565 584 1603 exercitu
601 1566 846 1614 imperioque
863 1566 1098 1602 confectum.
1151 1564 1306 1601 Deinde
1324 1562 1524 1607 AlbuciuS,

205 1631 312 1679 quod
333 1644 355 1667 a
372 1638 508 1668 senatu
531 1630 699 1679 petebat,
720 1629 802 1679 ipse
824 1629 895 1667 sibi
919 1629 957 1666 in
973 1628 1149 1667 Sardinia
1170 1636 1259 1666 ante
1280 1629 1501 1665 decreverat
1519 1640 1527 1672 ;

204 1695 410 1733 constabat
425 1697 531 1733 enim
546 1696 742 1733 Graecum
758 1696 958 1732 hominem
974 1707 1019 1732 ac
1033 1695 1159 1732 levem
1175 1694 1214 1730 in
1230 1693 1312 1742 ipsa
1329 1692 1527 1741 provincia

206 1761 315 1810 quasi
350 1761 622 1810 triumphasse,
656 1761 789 1809 itaque
825 1761 927 1798 hanc
964 1761 1046 1798 eius
1080 1758 1337 1797 temeritatem
1369 1764 1526 1794 senatus

207 1825 492 1876 supplicatione
508 1826 700 1874 denegata
722 1824 882 1863 notavit.
929 1826 1007 1863 Sed
1025 1825 1171 1861 fruatur
1185 1836 1276 1860 sane
1293 1823 1368 1859 hoc
1382 1821 1526 1859 solacio
1554 1825 1589 1856 16

206 1900 324 1941 atque
354 1893 455 1929 hanc
485 1890 678 1939 insignem
705 1889 961 1939 ignominiam
984 1890 1188 1938 (quoniam
1217 1888 1282 1924 uni
1311 1895 1461 1935 praeter
1487 1899 1527 1923 se

206 1957 334 1995 inusta
356 1956 442 2007 est),
470 1964 580 2006 putet
602 1969 686 1994 esse
717 1955 914 2002 leviorem,
935 1956 1029 1993 dum
1057 1955 1188 2000 modo,
1213 1953 1322 1990 cuius
1348 1952 1527 2000 exemplo

207 2035 247 2059 se
281 2023 516 2067 consolatur,
553 2022 636 2059 eius
671 2020 817 2058 exitum
853 2028 1062 2069 exspectet,
1098 2018 1321 2068 praesertim
1361 2029 1450 2052 cum
1491 2016 1528 2052 in

208 2087 377 2125 Albucio
403 2100 474 2125 nec
498 2087 651 2124 Pisonis
676 2085 860 2123 libidines
890 2098 962 2123 nec
989 2085 1152 2122 audacia
1182 2082 1326 2120 Gabini
1354 2080 1464 2118 suerit
1485 2092 1530 2117 ac

209 2159 340 2190 tamen
363 2153 434 2189 hac
456 2165 532 2189 una
553 2153 665 2201 plaga
686 2151 912 2196 conciderit,
938 2150 1152 2199 ignominia
1174 2156 1342 2186 senatuS.

252 2266 270 2284 2
296 2256 496 2294 flagitiisque
519 2254 614 2286 edd.:
649 2255 684 2293 ‘f
704 2254 740 2284 dc
756 2254 866 2284 Domo
885 2257 898 2291 ξ
922 2254 958 2282 18
1121 2262 1140 2290 3
1166 2251 1303 2280 omnino
1332 2248 1412 2278 nihil
1438 2252 1449 2276 l
1471 2248 1526 2278 sol.

212 2309 249 2337 13
274 2310 339 2338 qua
357 2310 391 2328 re
407 2300 535 2337 scn'psi:
555 2309 620 2328 om.
640 2298 737 2327 wli:
769 2308 810 2326 ne
828 2297 870 2326 l³²
889 2297 951 2326 wll.
969 2309 973 2326 z
999 2306 1058 2325 cur
1075 2295 1157 2325 Ant.
1178 2295 1269 2333 Aug.
1368 2293 1404 2321 18
1430 2292 1527 2329 Quod

208 2348 258 2372 cst
275 2341 390 2373 IJG‘J:
416 2342 495 2380 quid
520 2347 572 2371 est
590 2342 621 2371 P
636 2341 722 2371 rell.:
749 2340 860 2378 Quid?
888 2340 946 2370 Est
965 2339 1088 2377 Kaysst
1115 2337 1202 2375 Quid
1223 2338 1294 2366 est?
1323 2335 1379 2364 list
1401 2334 1529 2364 ll'cbcr:

207 2385 252 2415 At
278 2390 329 2415 est
346 2385 452 2423 Sorof
590 2395 627 2423 19
659 2383 723 2424 <ab
748 2382 810 2425 eo)
834 2394 893 2422 pro
920 2388 1076 2422 praetore
1098 2380 1181 2411 Reid
1202 2380 1261 2410 cl.
1290 2379 1354 2417 Qu.
1382 2379 1420 2409 iv.
1453 2378 1526 2416 1753

209 2440 250 2458 20
274 2434 307 2459 et
323 2428 430 2467 suppl.
448 2429 552 2459 Bam:
577 2438 615 2458 ac
636 2427 751 2458 Lamb.
855 2437 893 2465 27
921 2432 970 2455 est
985 2425 1070 2455 codd.
1088 2438 1092 2455 z
1119 2425 1161 2454 sit
1180 2423 1288 2453 Ilalm
1325 2421 1418 2452 Ball).
1441 2423 1455 2457 ξ
1471 2424 1526 2459 44⁸

209 2473 285 2502 dum
302 2472 348 2502 ed.
364 2473 405 2503 R.
424 2484 429 2502 :
458 2483 521 2502 non
541 2471 629 2503 PB}
