1774 2782
239 116 298 153 66

324 134 382 165 ¹39
685 121 740 157 M.
773 121 941 156 TVLLI
974 120 1281 158 CICERONIS

320 230 445 266 claros
460 230 560 266 viros
577 236 614 266 et
628 228 731 267 bene
746 230 796 266 de
813 241 852 267 re
868 229 1027 278 publica
1043 228 1200 268 meritos
1218 229 1256 267 in
1274 229 1458 268 invidiam
1475 230 1645 279 aliquam

320 299 565 331 vocaverunt.
629 293 741 331 Levis
762 294 834 331 hos
856 306 1009 343 semper
1029 294 1150 332 nostri
1168 294 1349 332 homines
1371 303 1408 333 et
1427 295 1587 334 audacis
1608 303 1647 334 et

320 359 443 395 malos
464 365 501 395 et
526 357 765 406 perniciosos
794 358 887 396 civis
913 366 1157 408 putaverunt.
1218 361 1271 397 At
1295 373 1387 398 vero
1411 362 1477 410 qui
1506 362 1645 399 horum

320 423 487 472 impetus
509 431 546 461 et
567 430 732 461 conatus
749 432 1025 473 represserunt,
1045 425 1110 473 qui
1127 424 1368 472 auctoritate,
1387 425 1454 474 qui
1475 426 1563 472 fide,
1579 425 1646 475 qui

319 487 548 535 constantia,
566 487 631 537 qui
650 488 920 538 magnitudine
940 488 1061 526 animi
1082 488 1255 527 consiliis
1270 490 1480 528 audacium
1502 492 1645 529 restite·
1667 506 1684 538 5

319 560 421 600 runt,
436 553 472 590 hi
486 566 632 603 graves,
650 555 688 591 hi
707 553 912 604 principes,
932 555 971 591 hi
989 555 1122 601 duces,
1138 555 1176 591 hi
1198 562 1377 594 auctores
1395 555 1509 594 huius
1525 555 1646 606 digni-

319 617 406 656 tatis
426 626 545 668 atque
567 618 704 668 imperi
726 631 880 668 semper
903 618 1026 657 habiti
1048 627 1149 657 sunt.

247 655 300 701 67
371 685 430 720 Ac
456 696 504 721 ne
529 684 616 732 quis
641 696 688 722 ex
715 691 849 722 nostro
876 691 942 721 aut
966 683 1189 733 aliquorum
1211 692 1410 734 praeterea
1430 698 1522 723 casu
1543 686 1646 724 hanc

241 724 299 755 ¹40

234 1679 290 1708 141

318 747 418 786 vitae
442 748 543 786 viam
572 748 832 798 pertimescat,
857 762 958 786 unus
984 749 1022 786 in
1050 750 1123 786 hac
1150 749 1316 796 civitate,
1340 763 1458 799 quern
1484 751 1645 800 quidem

317 825 390 862 ego
417 826 576 862 possum
603 815 744 860 dicere,
772 814 968 863 praeclare
992 812 1047 850 vir
1075 814 1124 851 de
1152 827 1191 851 re
1218 813 1376 864 publica
1401 814 1571 862 meritus,
1600 816 1643 852 L.
1667 829 1706 851 10

314 878 510 927 Opimius,
534 879 802 929 indignissime
832 878 1030 924 concidit3
1073 878 1183 916 cuius
1215 887 1518 917 monumentum
1549 881 1645 918 cele-

317 943 528 981 berrimum
551 944 590 981 in
620 944 713 991 foro,
745 945 966 994 sepulcrum
993 944 1303 982 desertissimum
1335 944 1374 982 in
1406 946 1517 983 litore
1551 947 1645 994 Dyr-

317 1010 479 1048 rachino
500 1010 677 1047 relictum
699 1016 768 1047 est.
828 1011 960 1058 Atque
983 1010 1088 1047 hunc
1105 1016 1238 1047 tamen
1256 1011 1483 1059 flagrantem
1500 1010 1646 1048 invidia

317 1082 472 1123 propter
488 1074 685 1112 interitum
704 1076 748 1113 C.
768 1074 934 1112 Gracchi
952 1071 1142 1126 [semper]
1160 1074 1242 1124 ipse
1256 1077 1424 1124 populus
1440 1077 1645 1114 Romanus

318 1139 490 1188 periculo
526 1139 703 1178 liberavit
725 1155 731 1177 :
781 1140 855 1177 alia
890 1140 1085 1188 quaedam
1122 1139 1247 1178 civem
1284 1140 1480 1190 egregium
1521 1140 1644 1191 iniqui
1668 1158 1702 1188 15

317 1203 433 1241 iudici
456 1205 626 1253 procella
647 1204 839 1254 pervertit.
901 1205 1029 1244 Ceteri
1056 1219 1146 1244 vero
1170 1214 1247 1253 aut,
1272 1205 1474 1255 repentina
1500 1205 1537 1242 vi
1564 1219 1644 1255 per-

315 1268 411 1306 culsi
433 1282 478 1306 ac
500 1277 733 1319 tempestate
757 1270 945 1319 populari,
971 1284 1037 1320 per
1059 1272 1250 1321 populum
1279 1278 1410 1308 tamen
1438 1270 1566 1320 ipsum
1592 1284 1645 1309 re-

316 1334 432 1373 creati
450 1343 539 1373 sunt
555 1343 674 1384 atque
691 1336 948 1382 revocati‚aut
965 1336 1130 1374 omnino
1143 1335 1376 1374 invulnerati
1391 1335 1644 1385 inviolatique

315 1399 500 1438 vixerunt.
560 1402 611 1438 At
629 1413 722 1438 vero
739 1400 765 1437 ii
787 1400 852 1450 qui
871 1408 1029 1439 senatus
1047 1400 1269 1448 consilium,
1288 1400 1354 1450 qui
1370 1399 1642 1439 auctoritatem

315 1465 521 1512 bonorum,
554 1466 620 1515 qui
652 1466 827 1504 instituta
863 1466 1053 1504 maiorum
1090 1468 1344 1516 neglexerunt
1373 1473 1411 1504 et
1441 1465 1643 1515 imperitae
1665 1483 1705 1503 20

314 1538 379 1569 aut
396 1531 616 1570 concitatae
634 1532 874 1570 multitudini
897 1532 1057 1570 iucundi
1075 1546 1160 1571 esse
1176 1533 1393 1579 voluerunt,
1411 1545 1549 1570 omnes
1565 1532 1643 1569 fere

314 1596 366 1634 rei
388 1596 569 1646 publicae
590 1610 738 1646 poenas
759 1605 824 1635 aut
846 1597 1040 1647 praesenti
1064 1605 1189 1636 morte
1213 1605 1280 1636 aut
1301 1597 1402 1647 turpi
1425 1596 1559 1635 exsilio
1580 1597 1643 1635 de-

314 1663 546 1711 penderunt.
606 1664 726 1711 Quod
757 1663 786 1700 si
814 1664 920 1712 apud
945 1662 1210 1710 Atheniensis,
1244 1662 1426 1701 homines
1458 1664 1640 1708 Graecos,

313 1728 430 1776 longe
447 1740 469 1765 a
490 1735 711 1765 nostrorum
729 1727 935 1765 hominum
953 1728 1140 1777 gravitate
1156 1727 1363 1774 diiunctos,
1383 1741 1464 1766 non
1480 1728 1642 1766 deerant

313 1791 379 1840 qui
409 1804 489 1830 rem
520 1792 718 1841 publicam
750 1800 885 1830 contra
915 1793 1049 1843 populi
1080 1794 1339 1833 temeritatem
1369 1793 1639 1840 defenderent,
1663 1808 1702 1840 25

313 1870 403 1894 curn
424 1870 563 1895 omnes
584 1857 651 1907 qui
673 1857 724 1895 ita
745 1859 915 1897 fecerant
938 1874 958 1897 e
983 1860 1139 1899 civitate
1161 1861 1402 1905 eicerentur,
1432 1859 1462 1896 si
1484 1857 1642 1896 Themi-

313 1923 476 1960 stoclem
515 1922 635 1968 illum,
677 1933 992 1963 conservatorem
1030 1925 1187 1975 patriae,
1222 1939 1303 1964 non
1337 1923 1523 1962 deterruit
1552 1937 1574 1961 a
1603 1937 1643 1961 re

313 1986 470 2036 publica
490 1989 742 2027 defendenda
762 2003 835 2028 nec
860 1991 1031 2029 Miltiadi
1057 1990 1269 2037 calamitas,
1293 1989 1360 2039 qui
1386 1990 1490 2026 illam
1514 1989 1643 2026 civita-

312 2060 390 2091 tem
412 2054 529 2103 paulo
549 2062 640 2092 ante
660 2064 838 2103 servarat,
861 2070 934 2095 nec
955 2056 1116 2094 Aristidi
1134 2057 1234 2106 fuga,
1253 2054 1320 2105 qui
1341 2068 1442 2092 unus
1463 2053 1641 2091 omnium

312 2118 544 2157 iustissimus
560 2119 677 2159 fuisse
695 2121 859 2160 traditur
878 2137 885 2169 3
915 2123 945 2160 si
964 2129 1099 2171 postea
1117 2120 1259 2159 summi
1277 2120 1453 2158 eiusdem
1476 2117 1640 2156 civitatis
1660 2130 1701 2162 30

356 2233 370 2261 7
397 2228 497 2263 atque
518 2224 624 2254 abesse
647 2225 742 2255 malit
766 2225 852 2255 Reid
1002 2237 1022 2264 9
1046 2225 1077 2255 in
1105 2225 1165 2254 hac
1190 2224 1344 2254 civitate]
1369 2222 1401 2253 in
1428 2222 1488 2252 hac
1514 2222 1582 2252 vita
1607 2226 1640 2252 te

309 2265 397 2296 ΡΒΣ
529 2278 568 2298 10
593 2269 718 2307 possim
734 2269 846 2298 Affrrdv.
960 2279 995 2305 14
1021 2279 1155 2306 semper
1171 2267 1239 2298 secl.
1258 2267 1291 2298 C.
1308 2267 1362 2296 Fr.
1378 2267 1556 2295 Hermann
1573 2276 1580 2295 z
1604 2276 1642 2294 cx

309 2309 459 2351 αιῖεενιβί.
476 2312 607 2351 Sempr.
621 2312 872 2351 (Sempronius)
882 2311 1210 2351 putatinrepsz'sseK.
1220 2311 1349 2341 Busche
1419 2320 1457 2346 24
1474 2309 1639 2338 diiunctos

308 2353 397 2384 PH:
426 2356 612 2386 disiunctos
633 2356 718 2386 BGk
851 2358 892 2385 26
917 2356 1010 2385 Num
1034 2355 1306 2392 Themistoclem,
1327 2353 1417 2383 illurn
1443 2363 1532 2382 cons.
1550 2354 1637 2391 pat?

309 2408 350 2436 29
368 2408 428 2428 nec
446 2399 551 2429 codd:
576 2410 686 2439 neque
704 2399 808 2429 Sclzol.
908 2399 1047 2429 Aristidi
1066 2398 1172 2430 Sclzol.
1191 2410 1197 2429 τ
1221 2397 1379 2428 Aristidis
1398 2397 1430 2427 P
1443 2396 1506 2427 rell.
