1774 2782
240 148 301 185 IN
333 150 371 185 P.
403 148 691 185 VATINIVM
723 147 947 185 TESTEM
981 147 1415 186 INTERROGATIO
1475 157 1496 195 7

174 255 342 295 audieris
364 255 481 294 fuisse
502 263 543 294 ut
566 269 753 305 umquam
775 265 910 294 contra
937 258 1061 306 legem
1085 256 1234 294 Aeliam
1257 264 1322 294 aut
1346 258 1495 294 Fufiam

174 321 384 360 concilium
405 321 612 359 advocaret
629 323 644 358 ?

229 387 388 435 Quaero
402 385 497 424 illud
512 387 628 423 etiam
644 400 688 424 ex
707 394 754 432 te,
771 393 987 425 conatusne
1004 386 1309 434 sis,voluerisne,
1325 386 1496 435 denique

174 449 479 499 cogitaris,—est
511 449 616 487 enim
650 463 708 488 res
743 450 825 488 eius
858 450 965 488 modi
998 458 1050 497 ut,
1085 451 1115 488 si
1149 449 1218 488 tibi
1254 450 1291 488 in
1325 459 1495 488 mentem

137 533 154 564 5
175 515 296 552 modo
325 514 441 561 venit,
474 526 592 551 nemo
622 514 669 552 sit
699 514 766 564 qui
797 522 834 552 te
864 516 944 552 ullo
973 514 1146 553 cruciatu
1177 528 1261 553 esse
1291 515 1496 565 indignum

174 580 586 629 putet,-—cogitarisne
608 579 647 616 in
669 580 735 617 illo
762 587 830 617 tuo
857 579 1089 618 intolerabili
1116 593 1195 618 non
1217 593 1495 629 regno,—-nam

174 644 284 694 cupis
314 644 353 683 id
383 644 656 692 audire,—sed
692 645 896 683 latrocinio
930 658 1050 694 augur
1082 645 1162 683 fieri
1194 645 1233 682 in
1265 647 1313 694 Q.
1346 645 1497 683 Metelli

174 710 317 756 locum,
359 718 411 756 ut,
454 710 695 759 quicumque
733 717 771 748 te
809 711 1032 760 aspexisset,
1077 709 1274 759 duplicem
1320 710 1496 748 dolorem

173 773 444 824 gemitumque
476 773 688 824 susciperet
719 782 756 812 et
791 788 837 812 ex
873 774 1068 813 desiderio
1099 774 1298 812 clarissimi
1334 774 1427 812 civis
1459 782 1496 812 et

117 857 156 878 10
175 852 220 877 ex
241 840 391 877 honore
411 838 622 888 turpissimi
643 846 762 888 atque
783 838 1092 889 improbissimi?
1121 840 1274 877 adeone
1295 852 1374 877 non
1395 839 1497 877 labe-

174 905 356 942 factatam
378 918 459 942 rem
481 903 679 954 publicam
703 911 739 942 te
756 904 915 942 tribuno
937 917 1066 954 neque
1087 912 1387 954 conquassatam
1409 903 1497 941 civi-

173 977 304 1016 tatem,
328 970 397 1007 sed
425 977 579 1019 captam
607 971 710 1007 hanc
734 969 870 1007 urbem
899 978 1017 1019 atque
1044 983 1262 1019 perversam
1290 969 1435 1019 putaris
1457 978 1497 1007 ut

174 1047 359 1084 augurem
385 1033 587 1072 Vatinium
616 1036 713 1072 ferre
740 1036 975 1084 possemus?
1034 1036 1126 1072 Hoc
1155 1036 1244 1073 loco
1274 1048 1429 1084 quaero,
1453 1033 1495 1080 si,

174 1099 215 1137 id
237 1099 344 1148 quod
365 1098 631 1148 concupieras,
649 1113 772 1149 augur
792 1100 916 1137 factus
938 1099 1151 1146 esses,——in
1173 1113 1250 1149 qua
1271 1107 1336 1138 tua
1357 1099 1497 1149 cogita<

117 1179 153 1211 15
176 1162 282 1201 tione
304 1176 375 1201 nos
396 1163 462 1212 qui
483 1171 521 1201 te
541 1164 750 1201 oderamus
772 1164 832 1201 vix
853 1165 1028 1202 dolorem
1047 1165 1277 1211 ferebamus,
1298 1164 1349 1201 illi
1365 1173 1497 1202 autem

176 1228 319 1278 quibus
348 1241 431 1267 eras
462 1229 500 1266 in
528 1228 677 1267 deliciis
705 1228 767 1266 vix
796 1228 915 1267 risum
946 1230 1157 1268 tenebant:
1190 1231 1258 1268 sed
1287 1243 1443 1279 quaero,
1467 1228 1496 1267 si

175 1294 226 1331 ad
247 1301 374 1331 cetera
396 1294 567 1340 vulnera,
591 1293 733 1343 quibus
756 1308 836 1332 rem
858 1293 1056 1343 publicam
1079 1293 1221 1344 putasti
1243 1295 1374 1341 deleri,
1397 1295 1498 1331 lianc

175 1371 334 1407 quoque
364 1358 603 1396 mortiferam
632 1360 785 1408 plagam
811 1358 1014 1397 inflixisses
1039 1366 1247 1408 auguratus
1275 1360 1341 1404 tui,
1369 1366 1497 1396 utrum

175 1423 401 1461 decreturus
422 1423 549 1470 fueris,
573 1423 613 1461 id
634 1424 742 1473 quod
762 1437 928 1473 augures
949 1414 1087 1462 omnes
1109 1437 1232 1473 usque
1253 1424 1302 1462 ab
1325 1426 1498 1463 Romulo

117 1504 157 1526 20
176 1489 443 1535 decreverunt,
469 1490 564 1526 Iove
593 1489 765 1538 fulgente
793 1501 882 1526 cum
913 1490 1061 1539 populo
1087 1489 1147 1539 agi
1176 1491 1284 1528 nefas
1314 1502 1408 1536 esse,
1434 1504 1496 1536 an,

176 1553 267 1603 quia
299 1560 340 1591 tu
373 1566 527 1603 semper
558 1554 612 1591 sic
645 1553 800 1603 egisses,
833 1553 1008 1604 auspicia
1039 1555 1154 1593 fueris
1186 1568 1307 1605 augur
1338 1555 1498 1594 dissolu-

174 1620 312 1656 turus?

229 1686 288 1722 Ac
322 1698 372 1723 ne
407 1684 552 1723 diutius
587 1686 724 1735 loquar
758 1686 808 1723 de
847 1692 1034 1734 auguratu
1069 1687 1316 1735 tuo,-—quod
1356 1685 1498 1724 invitus

176 1749 277 1788 facio
301 1756 342 1787 ut
373 1751 552 1788 recorder
582 1749 711 1787 ruinas
736 1749 788 1788 rei
820 1749 1025 1799 publicae,
1059 1763 1188 1800 neque
1218 1750 1321 1788 enim
1351 1757 1391 1788 tu
1419 1765 1499 1788 um-

119 1832 156 1863 25
176 1828 294 1865 quam
325 1823 452 1853 stante
482 1828 562 1852 non
593 1816 714 1853 modo
746 1814 948 1852 maiestate
978 1815 1129 1860 horum,
1157 1816 1226 1853 sed
1257 1816 1372 1853 etiam
1404 1815 1499 1853 urbe

177 1887 215 1918 te
234 1892 419 1929 augurem
440 1879 522 1917 sore
542 1878 685 1928 putasti
704 1894 709 1916 :
741 1892 875 1917 verum
903 1886 1035 1916 tamen
1063 1886 1104 1916 ut
1132 1879 1284 1917 somnia
1305 1888 1371 1917 tua
1392 1879 1500 1917 relin-

177 1958 306 1994 quam,
340 1945 390 1982 ad
425 1945 570 1982 scelera
601 1943 764 1990 veniam,
798 1945 886 1982 volo
918 1943 972 1981 uti
1004 1943 1098 1981 mihi
1128 1945 1377 1993 respondeas,
1409 1958 1497 1981 cum

178 2010 236 2046 M.
260 2008 445 2046 Bibulum
473 2009 675 2046 consulem
705 2022 783 2046 non
806 2010 935 2047 dicam
961 2009 1062 2046 bene
1090 2009 1140 2046 de
1164 2021 1203 2046 re
1231 2008 1387 2057 publica
1417 2022 1499 2047 sen-

177 2075 350 2120 tientem,
382 2087 430 2111 ne
457 2080 497 2111 tu
530 2073 624 2111 mihi
656 2074 776 2111 homo
806 2082 945 2123 potens
977 2074 1150 2119 irascare,
1174 2072 1240 2122 qui
1270 2073 1320 2110 ab
1349 2086 1396 2111 eo
1426 2075 1498 2111 dis-

222 2186 240 2205 2
265 2181 463 2207 convocaret
481 2176 536 2206 Hs
645 2187 662 2214 4
689 2177 846 2214 cogitaris
864 2176 1081 2214 (cogitarisne
1100 2176 1257 2215 Krcffvdj
1276 2175 1345 2206 secl.
1363 2174 1474 2206 Madv.
1493 2186 1499 2205 ε

177 2219 235 2250 sed
247 2219 352 2258 adfert
367 2219 544 2250 Muellerus
559 2220 730 2249 dixerisne
747 2243 753 2250 .
775 2243 782 2250 .
803 2243 810 2250 .
830 2220 954 2249 dixeris
973 2222 987 2256 ξ
1006 2229 1042 2257 41
1062 2231 1068 2249 ε
1092 2220 1205 2250 sintne
1220 2243 1228 2249 .
1243 2243 1250 2250 .
1269 2242 1276 2248 .
1293 2219 1455 2250 habeant.
1470 2242 1477 2250 .
1492 2244 1498 2250 .

178 2264 245 2292 sint
262 2262 366 2295 Flacc.
387 2264 402 2299 ξ
422 2273 484 2302 79:
507 2263 544 2302 cf.
564 2263 661 2293 etiam
683 2262 767 2293 Sest.
787 2265 801 2299 5
819 2264 860 2301 85
991 2273 1011 2301 9
1035 2263 1210 2293 clarissimi
1227 2261 1341 2292 PBw:
1371 2262 1446 2292 clar.
1468 2267 1502 2293 ct

179 2306 351 2336 fortissimi
372 2305 509 2337 GHEs:
537 2305 610 2337 sort.
625 2311 657 2336 et
675 2306 753 2336 clar.
772 2306 791 2335 k
808 2317 814 2336 ι
842 2306 879 2345 <f-
903 2307 983 2342 §26‚
998 2305 1091 2337 Balb.
1108 2309 1122 2343 ξ
1142 2317 1202 2345 49;
1230 2304 1317 2336 Verr.
1339 2306 1383 2340 iii,
1404 2307 1418 2341 ξ
1436 2316 1501 2345 973

181 2349 227 2380 Cl.
246 2349 309 2389 Qu.
338 2350 378 2382 iv.
400 2360 459 2389 175
606 2360 642 2379 12
675 2359 825 2379 eversam
853 2348 958 2380 GHks
982 2350 1012 2386 (ξ
1032 2351 1088 2386 235
1194 2349 1321 2388 putaris
1347 2348 1501 2380 Mamm:

181 2399 318 2432 putares
334 2393 422 2424 codd.
438 2393 599 2433 practerk
618 2393 784 2433 (putaras)
939 2402 976 2430 17
1002 2392 1147 2422 deletum
1166 2392 1202 2421 iri
1222 2391 1350 2421 Ernest!
1367 2403 1372 2421 :
1401 2402 1500 2431 posse

181 2437 285 2467 deleri
305 2438 382 2468 coni.
403 2436 522 2468 Lantb.

1520 156 1556 185 18

1517 357 1540 392 8

1520 426 1557 457 ¹9

1520 1053 1558 1074 20

1519 1667 1546 1703 9

1522 1726 1555 1748 21
