1774 2782
161 520 179 551 5

142 842 180 864 10

141 1493 180 1514 20

289 136 364 174 DE
396 137 724 177 PROVINCIIS
755 137 1181 177 CONSVLARIBVS
1212 136 1428 177 ORATIO
1482 146 1524 183 13

198 257 364 294 rumque
403 244 554 282 illarum
595 245 699 283 idem
740 255 839 284 esset
879 255 1108 285 extremum.
1167 247 1334 296 Alpibus
1371 247 1522 285 Italiam

200 309 392 347 munierat
412 316 527 347 antea
548 318 684 348 natura
705 324 785 348 non
806 312 890 349 sine
909 312 1042 360 aliquo
1063 311 1197 349 divino
1219 313 1405 359 numine,
1434 324 1524 348 nam

199 373 230 412 si
256 373 318 412 ille
345 373 474 412 aditus
495 375 699 411 Gallorum
721 374 954 412 immanitati
983 375 1304 425 multitudinique
1325 374 1522 425 patuisset,

198 451 416 488 numquam
439 439 535 476 haec
560 439 652 476 urbs
680 452 836 476 summo
865 438 1028 488 imperio
1055 439 1299 477 domicilium
1324 453 1369 477 ac
1390 441 1525 478 sedem

199 502 451 554 praebuisset.
511 504 625 552 Quae
647 505 722 541 iam
745 505 834 541 licet
855 505 1063 542 considant
1084 507 1090 541 1
1121 504 1216 542 nihil
1234 512 1291 542 est
1307 505 1411 542 enim
1429 506 1527 542 ultra

200 568 305 606 illam
339 568 588 607 altitudinem
619 568 814 607 montium
850 582 974 618 usque
1008 570 1058 607 ad
1094 570 1301 608 Oceanum
1336 571 1443 619 quod
1480 572 1527 608 sit

201 633 338 672 Italiae
358 633 728 683 pertimescendum.
789 634 865 671 Sed
888 641 1019 671 tamen
1036 647 1113 671 una
1129 642 1247 684 atque
1263 636 1381 672 altera
1400 642 1526 673 aestas

198 699 260 736 vel
281 707 387 737 metu
409 700 468 736 vel
490 712 558 748 spe
579 700 639 736 vel
660 712 788 748 poena
809 700 869 737 vel
890 699 1070 748 praemiis
1088 701 1147 737 vel
1167 701 1283 737 armis
1301 701 1359 738 vel
1377 699 1526 749 legibus

198 770 327 812 potest
354 770 477 800 totam
508 762 676 801 Galliam
704 762 950 812 sempiternis
978 763 1142 802 vinculis
1166 763 1429 814 adstringere:
1461 765 1527 801 im-

198 827 343 878 politae
364 840 455 865 vero
475 841 534 865 res
555 836 593 865 et
614 828 779 866 acerbae
800 827 830 865 si
852 836 965 866 erunt
986 828 1151 875 relictae,
1175 841 1414 877 quamquam
1437 836 1527 866 sunt

198 892 362 938 accisae,
378 901 508 930 tamen
523 894 683 931 efferent
697 906 738 930 se
751 894 964 942 aliquando
979 900 1015 931 et
1027 895 1078 932 ad
1096 894 1364 931 renovandum
1381 894 1526 930 bellum

199 957 443 996 revirescent.
504 959 594 1005 Qua
616 970 655 995 re
676 958 724 994 sit
746 957 784 994 in
806 957 888 995 eius
915 959 1035 995 tutela
1057 957 1186 996 Gallia
1210 957 1320 995 cuius
1346 958 1437 995 fidei
1458 957 1527 994 vir-

199 1022 272 1061 tuti
294 1022 466 1060 felicitati
492 1024 772 1061 commendata
796 1029 864 1060 est.
924 1022 1004 1070 Qui
1025 1022 1055 1060 si
1080 1024 1275 1060 Fortunae
1298 1022 1525 1060 muneribus

199 1087 449 1137 amplissimis
466 1097 625 1126 ornatus
642 1089 797 1137 saepius
811 1088 893 1125 eius
907 1088 1004 1125 deae
1021 1087 1236 1137 perieulum
1253 1089 1377 1125 facere
1392 1088 1522 1133 nollet,

200 1153 230 1191 si
253 1153 291 1190 in
313 1152 488 1202 patriam,
508 1153 538 1190 si
560 1154 610 1191 ad
631 1154 727 1191 deos
749 1152 912 1203 penatis,
928 1152 957 1190 si
974 1153 1024 1191 ad
1046 1166 1131 1190 eam
1153 1152 1384 1202 dignitatem
1406 1165 1524 1201 quam

200 1217 239 1255 in
261 1217 416 1255 civitate
437 1217 508 1256 sibi
531 1219 769 1267 propositam
791 1217 907 1264 videt,
927 1217 957 1255 si
973 1218 1024 1256 ad
1046 1217 1348 1256 iucundissimos
1370 1217 1523 1264 liberos,

200 1283 232 1321 si
261 1283 311 1320 ad
336 1282 592 1320 clarissimum
619 1296 807 1332 generum
835 1283 959 1320 redire
990 1289 1223 1332 properaret,
1248 1282 1277 1319 si
1304 1282 1342 1319 in
1370 1281 1526 1331 Capito-

200 1347 295 1384 lium
319 1346 449 1385 invehi
472 1346 594 1385 victor
615 1360 705 1384 cum
727 1346 791 1384 illa
813 1346 953 1396 insigni
968 1347 1097 1384 laurea
1116 1346 1284 1396 gestiret,
1302 1345 1332 1383 si
1353 1346 1525 1395 denique

199 1413 354 1450 timeret
369 1425 504 1450 casum
520 1412 702 1462 aliquem,
721 1411 789 1462 qui
806 1411 858 1449 illi
875 1420 1026 1449 tantum
1043 1413 1190 1450 addere
1207 1411 1282 1449 iam
1301 1425 1379 1449 non
1398 1419 1525 1461 potest

200 1487 390 1528 quantum
412 1479 573 1524 auferre,
597 1491 669 1515 nos
693 1485 824 1515 tamen
852 1484 1047 1526 oporteret
1072 1477 1122 1514 ab
1148 1478 1288 1515 eodem
1312 1476 1374 1514 illa
1394 1476 1526 1515 omnia

199 1558 222 1589 a
238 1557 317 1593 quo
338 1543 539 1592 profligata
555 1551 645 1580 sunt
662 1542 803 1580 confici
820 1543 918 1580 velle
938 1557 944 1579 :
975 1555 1065 1579 cum
1083 1555 1173 1580 vero
1194 1541 1257 1579 ille
1274 1555 1366 1579 suae
1382 1542 1526 1591 gloriae

201 1609 276 1646 iam
290 1608 442 1658 pridem
460 1607 512 1645 rei
535 1607 715 1657 publicae
738 1608 916 1645 nondum
931 1606 1023 1645 satis
1041 1606 1184 1652 fecerit,
1206 1615 1243 1644 et
1265 1606 1371 1643 malit
1393 1614 1524 1644 tamen

201 1673 347 1712 tardius
368 1674 419 1711 ad
444 1686 602 1711 suorum
628 1673 807 1710 laborum
837 1674 982 1710 fructus
1003 1671 1203 1721 pervenire
1224 1684 1341 1720 quam
1365 1684 1444 1709 non
1466 1684 1525 1708 ex-

201 1740 306 1788 plere
320 1746 545 1788 susceptum
563 1737 616 1775 rei
638 1737 819 1787 publicae
842 1750 993 1783 munus,
1012 1750 1085 1774 nec
1104 1736 1378 1786 imperatorem
1397 1735 1525 1773 incen-

201 1817 287 1841 sum
309 1805 358 1841 ad
384 1817 464 1841 rem
493 1802 692 1853 publicam
719 1803 821 1840 bene
851 1803 1062 1851 gerendam
1093 1814 1274 1839 revocare
1305 1813 1377 1839 nec
1402 1808 1523 1838 totam

201 1867 340 1907 Gallici
363 1867 452 1906 belli
475 1867 664 1905 rationem
687 1880 808 1917 prope
824 1866 900 1904 iam
918 1867 1147 1916 explicatam
1166 1865 1390 1915 perturbare
1408 1873 1524 1914 atque

200 1933 389 1982 impedire
409 1933 611 1971 debemus.

255 1999 358 2035 Nam
385 1997 471 2035 illae
497 1997 714 2036 sententiae
740 1997 906 2036 virorum
931 1996 1232 2034 clarissimorum
1260 1994 1420 2032 minime
1441 2006 1524 2042 pro-

200 2063 354 2100 bandae
375 2070 475 2109 sunt,
499 2076 666 2112 quorum
688 2064 784 2100 alter
808 2061 1029 2100 ulteriorem
1052 2059 1218 2099 Galliam
1241 2057 1414 2097 decernit
1435 2071 1524 2094 cum
1548 2062 1553 2068 “

141 2141 153 2156 ⁹
200 2127 317 2176 Syria,
339 2128 435 2166 alter
455 2127 684 2165 citeriorem.
736 2126 816 2175 Qui
839 2125 1070 2171 ulteriorem,
1088 2123 1220 2161 omnia
1238 2123 1299 2160 illa
1316 2123 1364 2160 de
1381 2121 1524 2171 quibus

241 2233 262 2262 6
286 2232 385 2262 ullam
404 2231 443 2269 P,
463 2242 541 2262 corr.
561 2229 633 2261 BH
746 2240 783 2260 10
807 2229 947 2260 acerbae
966 2228 1051 2258 codd.
1069 2240 1074 2258 t
1100 2237 1241 2265 asperae
1260 2226 1337 2256 coni.
1360 2225 1520 2264 Nz'ppeml..

198 2276 322 2306 crudae
352 2274 461 2304 Halm
618 2283 656 2312 13
687 2273 750 2312 Qui
781 2273 813 2303 P
843 2273 906 2303 rell.
937 2276 1067 2311 praeter
1101 2270 1161 2301 GE
1193 2270 1311 2308 (quia).
1340 2267 1426 2298 Ηώς
1460 2270 1521 2307 (ct)

201 2320 238 2348 18
270 2319 384 2349 laurea
413 2318 604 2359 Naugerius
637 2317 710 2358 (1⁸1
746 2317 843 2346 laude
873 2315 958 2346 codd.
994 2316 1102 2355 glande
1132 2315 1276 2344 lauream
1312 2316 1461 2351 gestaret
1489 2311 1522 2351 b)

197 2372 303 2401 22—24
329 2363 375 2392 rei
395 2362 470 2401 pub.
487 2388 492 2393 .
509 2367 741 2400 ..susceptum
760 2359 866 2400 suppl.
889 2358 932 2388 1³²

252 2457 309 2476 cm.
328 2456 415 2476 rnov.
434 2457 516 2476 coss.
1411 2442 1446 2469 1⁶2

1549 150 1586 181 33

1547 222 1589 258 14

1549 283 1589 312 34

1546 1980 1588 2017 15
