1774 2782
116 550 132 581 5

492 166 600 204 PRO
634 168 673 202 l'.
704 167 896 203 SESTIO
929 167 1145 203 ORATIO
1425 167 1475 203 28
1495 172 1538 203 60

154 274 226 312 illis
249 276 304 312 M.
329 276 440 321 Cato,
464 274 580 313 etiam
603 288 692 312 cum
715 273 790 312 iam
813 275 1058 324 desperasset
1078 275 1227 325 aliquid
1247 276 1477 315 auctoritate

153 353 223 377 sua
243 339 377 389 profici
399 352 525 388 posse,
543 346 674 377 tamen
691 352 788 377 voce
804 339 888 389 ipsa
907 353 953 377 ac
969 340 1104 378 dolore
1122 340 1318 390 pugnavit,
1337 348 1375 379 et
1391 349 1478 391 post

154 417 285 442 meum
313 403 529 441 discessum
556 403 600 441 iis
623 403 808 442 Pisonem
834 404 962 442 verbis
988 405 1084 442 flens
1111 418 1242 443 meum
1272 414 1309 443 et
1338 405 1390 444 rei
1412 419 1478 455 pu-

154 468 278 506 blicae
299 482 433 506 casum
456 468 606 507 vexavit
627 475 668 506 ut
690 468 799 506 illum
817 468 1018 506 hominem
1038 469 1344 518 perditissimum
1360 479 1478 520 atque

154 533 537 583 impudentissimum
572 546 697 583 paene
728 534 804 571 iam
835 533 1056 583 provinciae
1087 533 1312 583 paeniteret.
1374 535 1479 574 ‘Cur
1499 538 1536 568 61

153 598 266 648 igitur
279 598 468 648 rogationi
486 598 613 649 paruit
628 599 665 636 ?’
723 598 847 647 Quasi
864 612 955 637 vero
973 599 1036 637 ille
1056 612 1137 637 non
1154 598 1193 636 in
1209 599 1304 637 alias
1321 612 1479 648 quoque

152 666 268 714 leges,
295 677 392 714 quas
417 663 559 702 iniuste
587 672 739 714 rogatas
767 671 930 714 putaret,
956 663 1031 702 iarn
1059 672 1150 702 ante
1175 664 1328 702 iurarit!
1386 666 1478 702 Non

153 731 264 768 offert
291 742 332 767 se
357 729 420 768 ille
444 729 525 767 istis
554 730 849 775 temeritatibus,
882 737 936 775 ut,
968 743 1058 766 cum
1089 729 1141 767 rei
1172 730 1353 779 publicae
1383 728 1478 766 nihil

153 794 285 845 prosit,
308 807 349 832 se
369 793 443 832 civi
465 807 545 832 rem
568 794 767 843 publicam
790 793 924 844 privet.
985 794 1161 833 Consule
1183 808 1245 832 me
1266 808 1355 832 cum
1378 801 1479 832 esset

96 878 135 899 10
154 859 378 909 designatus
400 858 578 897 tribunus
600 858 736 908 plebis,
755 858 897 897 obtulit
918 858 958 896 in
979 858 1189 897 discrimen
1205 859 1322 897 vitam
1345 872 1452 896 suam
1472 873 1481 906 3

95 1198 131 1230 15

154 924 250 963 dixit
288 937 374 962 eam
410 923 644 962 sententiam
675 923 786 961 cuius
818 923 1005 961 invidiam
1035 923 1173 973 capitis
1202 923 1376 973 periculo
1405 923 1480 961 sibi

153 990 428 1040 praestandam
463 988 649 1036 videbat3
694 988 789 1027 dixit
828 990 1091 1035 vehementer,
1124 988 1201 1038 egit
1234 988 1396 1035 acriter3
1434 1001 1480 1026 ea

157 1067 258 1103 quae
282 1053 401 1091 sensit
430 1066 520 1103 prae
545 1067 585 1091 se
610 1053 726 1100 tulit;
755 1054 844 1100 dux,
868 1060 1014 1099 auctor,
1040 1060 1148 1090 actor
1175 1066 1302 1091 rerum
1328 1053 1478 1090 illarum

154 1119 235 1165 fuit,
260 1132 339 1156 non
361 1132 441 1168 quo
462 1118 678 1169 periculum
701 1132 816 1156 suum
844 1131 924 1156 non
948 1117 1108 1164 videret,
1132 1119 1201 1156 sed
1229 1117 1267 1155 in
1293 1126 1398 1156 tanta
1426 1118 1478 1156 rei

154 1183 336 1234 publicae
357 1191 590 1234 tempestate
611 1183 708 1221 nibil
734 1183 807 1221 sibi
837 1183 910 1222 nisi
935 1184 986 1221 de
1011 1182 1156 1232 patriae
1178 1183 1358 1233 periculis
1379 1183 1481 1233 cogi-

153 1250 316 1287 tandum
339 1249 510 1298 putabat.
1498 1281 1552 1317 29

207 1314 456 1353 Consecutus
478 1321 536 1351 est
563 1313 683 1362 ipsius
710 1313 941 1351 tribunatus.
1001 1312 1110 1362 Quid
1132 1326 1204 1363 ego
1225 1315 1275 1352 de
1296 1312 1478 1363 singulari
1499 1331 1539 1361 62

154 1377 423 1428 magnitudine
461 1377 582 1416 animi
617 1379 699 1416 eius
734 1392 779 1416 ac
814 1379 864 1416 de
899 1377 1118 1416 incredibili
1148 1377 1287 1416 virtute
1321 1378 1480 1416 dicam?

156 1443 393 1482 Meministis
407 1443 514 1481 illurn
532 1443 637 1482 diem
654 1457 756 1489 curn,
768 1445 916 1493 templo
932 1457 955 1481 a
970 1445 1134 1493 conlega
1150 1451 1353 1493 occupato,
1365 1443 1480 1482 nobis

96 1526 136 1548 20
155 1508 339 1547 omnibus
369 1509 419 1547 de
449 1510 527 1546 vita
556 1508 639 1546 eius
669 1508 737 1546 viri
770 1516 807 1547 et
841 1508 936 1546 civis
966 1508 1205 1554 timentibus,
1236 1508 1318 1558 ipse
1347 1510 1481 1546 animo

156 1572 378 1611 firmissimo
399 1572 505 1611 venit
530 1572 569 1610 in
598 1574 800 1622 ternplum,
825 1580 863 1611 et
887 1574 1099 1611 clamorem
1121 1573 1327 1611 hominum
1349 1581 1479 1611 aucto-

154 1638 266 1676 ritate
305 1637 496 1688 impetum
536 1637 807 1687 improborum
847 1639 987 1676 virtute
1027 1637 1186 1676 sedavit.
1247 1637 1356 1676 Adiit
1395 1646 1478 1676 tum

155 1704 382 1753 periculum,
406 1705 475 1742 sed
495 1703 591 1742 adiit
612 1704 664 1742 ob
686 1717 772 1742 eam
798 1717 956 1742 causam
980 1717 1080 1754 quae
1102 1712 1249 1753 quanta
1269 1703 1382 1742 fuerit
1403 1703 1478 1741 iam

156 1769 250 1806 mihi
280 1770 410 1807 dicere
440 1782 520 1807 non
551 1777 609 1807 est
638 1782 810 1807 necesse.
871 1771 923 1806 At
951 1769 981 1806 si
1007 1768 1068 1806 isti
1093 1768 1261 1818 Cypriae
1289 1769 1480 1819 rogationi

157 1833 476 1872 sceleratissimae
502 1847 583 1872 non
608 1834 809 1884 paruisset,
839 1835 1014 1873 haereret
1042 1833 1107 1871 illa
1133 1833 1257 1872 nihilo
1277 1833 1406 1872 minus
1427 1834 1481 1873 rei

156 1898 338 1948 publicae
372 1899 597 1949 turpitudo;
645 1912 765 1949 regno
805 1899 910 1937 enirn
951 1898 1027 1936 iam
1066 1899 1268 1948 publicato
1307 1900 1357 1937 de
1396 1898 1480 1949 ipso

157 1965 310 2003 Catone
339 1972 419 2002 erat
449 1963 682 2002 nominatim
708 1971 884 2014 rogatum
901 1978 910 2012 3
940 1965 1048 2014 quod
1080 1963 1142 2002 ille
1167 1965 1197 2002 si
1226 1966 1478 2014 repudiasset,

156 2028 344 2067 dubitatis
365 2029 460 2079 quin
481 2029 516 2068 ei
537 2029 593 2067 vis
614 2037 714 2068 esset
735 2031 875 2076 adlata,
895 2043 986 2068 cum
1008 2029 1141 2068 omnia
1160 2037 1246 2067 acta
1267 2029 1367 2067 illius
1388 2031 1479 2068 anni

157 2107 225 2143 per
250 2107 372 2132 unum
400 2094 508 2132 illum
537 2094 760 2132 labefactari
787 2094 1039 2134 viderentur?
1097 2097 1229 2144 Atque
1259 2094 1375 2133 etiam
1404 2096 1479 2133 hoc
1500 2100 1539 2140 63

200 2200 220 2228 6
244 2198 325 2229 alias
342 2199 374 2228 Β
389 2210 395 2228 :
419 2198 503 2229 altas
520 2198 572 2229 P:
597 2198 720 2228 alteras
741 2198 769 2229 G
785 2198 840 2229 all.
934 2209 950 2236 7
977 2198 1137 2228 iuraverit
1163 2197 1271 2228 Scl10l.
1373 2209 1393 2237 9
1410 2209 1480 2229 rem

158 2241 325 2280 publicam
358 2241 464 2272 Burn.
496 2251 554 2281 157
571 2253 578 2272 ι
618 2252 663 2272 ·R·
693 2241 783 2273 codd.
821 2242 939 2279 (littera
972 2251 1012 2271 -P-
1045 2242 1192 2281 sequenti
1226 2241 1330 2271 vocal).
1372 2242 1481 2280 privet

158 2285 327 2326 absorpta)
430 2295 466 2324 17
492 2286 565 2325 ipse
582 2285 654 2316 eius
667 2285 759 2315 Paul
823 2295 888 2324 ego
905 2284 951 2316 ed.
970 2284 1012 2315 R.
1030 2297 1036 2315 :
1053 2295 1136 2323 ergo
1154 2284 1242 2315 codd.
1344 2295 1385 2314 20
1409 2285 1481 2315 eius

158 2328 202 2358 Ρ2
225 2329 291 2360 rell.
321 2330 421 2369 (mus
444 2328 525 2367 F1>:
551 2329 628 2360 talis
652 2327 770 2360 Halm.
818 2328 913 2359 Num
939 2329 1058 2360 unius?
1184 2339 1221 2358 21
1250 2328 1479 2367 improborum

159 2372 369 2409 auctoritate,
387 2373 546 2412 impetum
564 2372 654 2403 Koclt
781 2382 822 2411 23
847 2372 890 2402 ob
907 2383 980 2403 eam
999 2382 1132 2403 causam
1153 2370 1258 2402 Scltol.
1280 2371 1350 2411 (sed
1364 2372 1397 2401 in
1416 2372 1481 2402 loco

159 2426 273 2446 mance
287 2416 393 2455 citato)
409 2428 414 2447 :
440 2417 482 2446 ob
499 2427 633 2447 causam
650 2416 683 2446 P
697 2416 757 2447 rell.
775 2420 903 2456 practer
919 2415 947 2445 G
964 2416 1127 2456 (causam)
1229 2425 1268 2454 25
1295 2425 1372 2445 ·R·1>-
1389 2415 1477 2447 codd.

153 2459 231 2498 pler.
248 2471 254 2490 :
280 2459 328 2490 rei
346 2460 499 2499 publicae
519 2459 638 2490 Orelli:
663 2460 696 2490 in
715 2470 750 2490 re
771 2460 847 2499 pub.
868 2460 896 2490 G
920 2459 1026 2490 Burn.
1050 2469 1119 2498 157,
1139 2457 1186 2489 ed.
1206 2458 1248 2489 R.

1336 2502 1392 2531 ll*
