<?xml version="1.0" encoding="UTF-8"?>
<!DOCTYPE html PUBLIC "-//W3C//DTD XHTML 1.0 Transitional//EN"
    "http://www.w3.org/TR/xhtml1/DTD/xhtml1-transitional.dtd">
<html xmlns="http://www.w3.org/1999/xhtml" xml:lang="en" lang="en">
 <head>
  <title>
</title>
<meta http-equiv="Content-Type" content="text/html;charset=utf-8" />
  <meta name='ocr-system' content='tesseract 3.04.00' />
  <meta name='ocr-capabilities' content='ocr_page ocr_carea ocr_par ocr_line ocrx_word'/>
</head>
<body>
  <div class='ocr_page' id='page_1' title='image "./orationesrecogno05ciceuoft/orationesrecogno05ciceuoft_0143.png"; bbox 0 0 1774 2782; ppageno 0'>
   <div class='ocr_carea' id='block_1_1' title="bbox 281 152 1519 193">
    <p class='ocr_par' dir='ltr' id='par_1_1' title="bbox 281 152 1519 193">
     <span class='ocr_line' id='line_1_1' title="bbox 281 152 1519 193; baseline 0.001 -3"><span class='ocrx_word' id='word_1_1' title='bbox 281 154 354 191; x_wconf 90' lang='lat' dir='ltr'><strong>DE</strong></span> <span class='ocrx_word' id='word_1_2' title='bbox 389 153 758 191; x_wconf 81' lang='lat' dir='ltr'>HARVSPICVM</span> <span class='ocrx_word' id='word_1_3' title='bbox 792 152 1080 191; x_wconf 83' lang='lat' dir='ltr'>RESPONSO</span> <span class='ocrx_word' id='word_1_4' title='bbox 1112 153 1329 193; x_wconf 84' lang='lat' dir='ltr'><strong>ORATIO</strong></span> <span class='ocrx_word' id='word_1_5' title='bbox 1409 155 1460 192; x_wconf 88' lang='lat'><strong>28</strong></span> <span class='ocrx_word' id='word_1_6' title='bbox 1480 161 1519 191; x_wconf 81' lang='lat'><strong>62</strong></span> 
     </span>
    </p>
   </div>
   <div class='ocr_carea' id='block_1_2' title="bbox 76 261 1520 898">
    <p class='ocr_par' dir='ltr' id='par_1_2' title="bbox 133 261 1520 506">
     <span class='ocr_line' id='line_1_2' title="bbox 136 261 1462 314; baseline 0.002 -14"><span class='ocrx_word' id='word_1_7' title='bbox 136 262 282 300; x_wconf 88' lang='lat' dir='ltr'><strong>Piceno</strong></span> <span class='ocrx_word' id='word_1_8' title='bbox 303 261 508 300; x_wconf 83' lang='lat' dir='ltr'>Potentiae</span> <span class='ocrx_word' id='word_1_9' title='bbox 530 261 730 299; x_wconf 89' lang='lat' dir='ltr'><strong>nuntiatur</strong></span> <span class='ocrx_word' id='word_1_10' title='bbox 753 269 876 300; x_wconf 89' lang='lat' dir='ltr'><strong>terrae</strong></span> <span class='ocrx_word' id='word_1_11' title='bbox 897 269 1028 300; x_wconf 90' lang='lat' dir='ltr'><strong>motus</strong></span> <span class='ocrx_word' id='word_1_12' title='bbox 1049 262 1245 301; x_wconf 91' lang='lat' dir='ltr'><strong>horribilis</strong></span> <span class='ocrx_word' id='word_1_13' title='bbox 1267 276 1357 301; x_wconf 91' lang='lat' dir='ltr'><strong>cum</strong></span> <span class='ocrx_word' id='word_1_14' title='bbox 1380 265 1462 314; x_wconf 88' lang='lat' dir='ltr'><strong>qui-</strong></span> 
     </span>
     <span class='ocr_line' id='line_1_3' title="bbox 134 326 1461 379; baseline 0.002 -14"><span class='ocrx_word' id='word_1_15' title='bbox 134 327 303 366; x_wconf 88' lang='lat' dir='ltr'><strong>busdam</strong></span> <span class='ocrx_word' id='word_1_16' title='bbox 319 331 341 367; x_wconf 85' lang='lat'>†</span> <span class='ocrx_word' id='word_1_17' title='bbox 354 326 486 364; x_wconf 87' lang='lat' dir='ltr'><strong>multis</strong></span> <span class='ocrx_word' id='word_1_18' title='bbox 509 327 811 377; x_wconf 82' lang='lat' dir='ltr'><strong>metuendisque</strong></span> <span class='ocrx_word' id='word_1_19' title='bbox 830 328 947 365; x_wconf 85' lang='lat' dir='ltr'><strong>rebus</strong></span> <span class='ocrx_word' id='word_1_20' title='bbox 965 343 971 366; x_wconf 92' lang='lat'>:</span> <span class='ocrx_word' id='word_1_21' title='bbox 1002 329 1100 366; x_wconf 83' lang='lat' dir='ltr'><strong>haec</strong></span> <span class='ocrx_word' id='word_1_22' title='bbox 1120 330 1261 367; x_wconf 89' lang='lat' dir='ltr'><strong>eadem</strong></span> <span class='ocrx_word' id='word_1_23' title='bbox 1283 331 1461 379; x_wconf 87' lang='lat' dir='ltr'><strong>profecto</strong></span> 
     </span>
     <span class='ocr_line' id='line_1_4' title="bbox 133 390 1520 442; baseline 0.003 -13"><span class='ocrx_word' id='word_1_24' title='bbox 133 404 235 441; x_wconf 84' lang='lat' dir='ltr'><strong>quae</strong></span> <span class='ocrx_word' id='word_1_25' title='bbox 255 390 513 442; x_wconf 86' lang='lat' dir='ltr'>prospicimus</span> <span class='ocrx_word' id='word_1_26' title='bbox 535 391 805 440; x_wconf 80' lang='lat' dir='ltr'><strong>impendentia</strong></span> <span class='ocrx_word' id='word_1_27' title='bbox 829 391 1123 441; x_wconf 85' lang='lat' dir='ltr'><strong>pertimescetis.</strong></span> <span class='ocrx_word' id='word_1_28' title='bbox 1184 393 1342 431; x_wconf 81' lang='lat' dir='ltr'><strong>Etenim</strong></span> <span class='ocrx_word' id='word_1_29' title='bbox 1365 395 1461 433; x_wconf 87' lang='lat' dir='ltr'><strong>haec</strong></span> <span class='ocrx_word' id='word_1_30' title='bbox 1481 396 1520 434; x_wconf 78' lang='lat'><strong>63</strong></span> 
     </span>
     <span class='ocr_line' id='line_1_5' title="bbox 133 454 1457 506; baseline 0.002 -11"><span class='ocrx_word' id='word_1_31' title='bbox 133 458 297 495; x_wconf 85' lang='lat' dir='ltr'><strong>deorum</strong></span> <span class='ocrx_word' id='word_1_32' title='bbox 319 454 598 493; x_wconf 84' lang='lat' dir='ltr'><strong>immortalium</strong></span> <span class='ocrx_word' id='word_1_33' title='bbox 621 469 705 502; x_wconf 81' lang='lat' dir='ltr'><strong>vox,</strong></span> <span class='ocrx_word' id='word_1_34' title='bbox 729 457 826 494; x_wconf 88' lang='lat' dir='ltr'><strong>haec</strong></span> <span class='ocrx_word' id='word_1_35' title='bbox 851 469 978 506; x_wconf 86' lang='lat' dir='ltr'><strong>paene</strong></span> <span class='ocrx_word' id='word_1_36' title='bbox 1005 457 1130 495; x_wconf 88' lang='lat' dir='ltr'><strong>oratio</strong></span> <span class='ocrx_word' id='word_1_37' title='bbox 1157 458 1368 497; x_wconf 84' lang='lat' dir='ltr'><strong>iudicanda</strong></span> <span class='ocrx_word' id='word_1_38' title='bbox 1389 468 1457 506; x_wconf 89' lang='lat' dir='ltr'><strong>est,</strong></span> 
     </span>
    </p>

    <p class='ocr_par' dir='ltr' id='par_1_3' title="bbox 95 521 1461 830">
     <span class='ocr_line' id='line_1_6' title="bbox 95 521 1459 573; baseline 0.002 -14"><span class='ocrx_word' id='word_1_39' title='bbox 95 539 112 569; x_wconf 79' lang='lat'>5</span> <span class='ocrx_word' id='word_1_40' title='bbox 133 535 223 560; x_wconf 91' lang='lat' dir='ltr'><strong>cum</strong></span> <span class='ocrx_word' id='word_1_41' title='bbox 253 521 337 570; x_wconf 88' lang='lat' dir='ltr'><strong>ipse</strong></span> <span class='ocrx_word' id='word_1_42' title='bbox 366 521 547 566; x_wconf 89' lang='lat' dir='ltr'><strong>mundus,</strong></span> <span class='ocrx_word' id='word_1_43' title='bbox 572 533 660 558; x_wconf 89' lang='lat' dir='ltr'><strong>cum</strong></span> <span class='ocrx_word' id='word_1_44' title='bbox 693 521 813 558; x_wconf 88' lang='lat' dir='ltr'><strong>maria</strong></span> <span class='ocrx_word' id='word_1_45' title='bbox 841 529 961 570; x_wconf 91' lang='lat' dir='ltr'><strong>atque</strong></span> <span class='ocrx_word' id='word_1_46' title='bbox 990 528 1114 559; x_wconf 86' lang='lat' dir='ltr'><strong>terrae</strong></span> <span class='ocrx_word' id='word_1_47' title='bbox 1143 530 1254 560; x_wconf 88' lang='lat' dir='ltr'><strong>motu</strong></span> <span class='ocrx_word' id='word_1_48' title='bbox 1285 525 1459 573; x_wconf 90' lang='lat' dir='ltr'><strong>quodam</strong></span> 
     </span>
     <span class='ocr_line' id='line_1_7' title="bbox 134 584 1461 638; baseline 0.002 -15"><span class='ocrx_word' id='word_1_49' title='bbox 134 599 238 624; x_wconf 89' lang='lat' dir='ltr'><strong>novo</strong></span> <span class='ocrx_word' id='word_1_50' title='bbox 258 584 567 623; x_wconf 86' lang='lat' dir='ltr'><strong>contremiscunt</strong></span> <span class='ocrx_word' id='word_1_51' title='bbox 592 592 629 623; x_wconf 93' lang='lat' dir='ltr'><strong>et</strong></span> <span class='ocrx_word' id='word_1_52' title='bbox 652 584 840 623; x_wconf 89' lang='lat' dir='ltr'><strong>inusitato</strong></span> <span class='ocrx_word' id='word_1_53' title='bbox 867 585 1017 635; x_wconf 90' lang='lat' dir='ltr'><strong>aliquid</strong></span> <span class='ocrx_word' id='word_1_54' title='bbox 1039 599 1138 624; x_wconf 91' lang='lat' dir='ltr'><strong>sono</strong></span> <span class='ocrx_word' id='word_1_55' title='bbox 1160 586 1461 638; x_wconf 83' lang='lat' dir='ltr'><strong>incredibilique</strong></span> 
     </span>
     <span class='ocr_line' id='line_1_8' title="bbox 133 650 1460 703; baseline 0.003 -16"><span class='ocrx_word' id='word_1_56' title='bbox 133 650 374 701; x_wconf 88' lang='lat' dir='ltr'><strong>praedicunt.</strong></span> <span class='ocrx_word' id='word_1_57' title='bbox 436 651 482 687; x_wconf 90' lang='lat' dir='ltr'><strong>In</strong></span> <span class='ocrx_word' id='word_1_58' title='bbox 504 663 584 699; x_wconf 88' lang='lat' dir='ltr'><strong>quo</strong></span> <span class='ocrx_word' id='word_1_59' title='bbox 605 650 907 689; x_wconf 80' lang='lat' dir='ltr'><strong>constituendae</strong></span> <span class='ocrx_word' id='word_1_60' title='bbox 934 650 1050 689; x_wconf 89' lang='lat' dir='ltr'><strong>nobis</strong></span> <span class='ocrx_word' id='word_1_61' title='bbox 1075 651 1238 701; x_wconf 87' lang='lat' dir='ltr'><strong>quidem</strong></span> <span class='ocrx_word' id='word_1_62' title='bbox 1260 661 1351 691; x_wconf 89' lang='lat' dir='ltr'><strong>sunt</strong></span> <span class='ocrx_word' id='word_1_63' title='bbox 1373 667 1460 703; x_wconf 86' lang='lat' dir='ltr'><strong>pro-</strong></span> 
     </span>
     <span class='ocr_line' id='line_1_9' title="bbox 133 714 1461 765; baseline 0.002 -12"><span class='ocrx_word' id='word_1_64' title='bbox 133 714 354 753; x_wconf 83' lang='lat' dir='ltr'><strong>curationes</strong></span> <span class='ocrx_word' id='word_1_65' title='bbox 375 722 413 752; x_wconf 91' lang='lat' dir='ltr'><strong>et</strong></span> <span class='ocrx_word' id='word_1_66' title='bbox 434 715 666 761; x_wconf 81' lang='lat' dir='ltr'><strong>obsecratio,</strong></span> <span class='ocrx_word' id='word_1_67' title='bbox 691 728 809 765; x_wconf 91' lang='lat' dir='ltr'><strong>quem</strong></span> <span class='ocrx_word' id='word_1_68' title='bbox 834 717 884 754; x_wconf 85' lang='lat' dir='ltr'><strong>ad</strong></span> <span class='ocrx_word' id='word_1_69' title='bbox 911 717 1075 755; x_wconf 88' lang='lat' dir='ltr'><strong>modum</strong></span> <span class='ocrx_word' id='word_1_70' title='bbox 1103 730 1321 755; x_wconf 88' lang='lat' dir='ltr'><strong>monemur.</strong></span> <span class='ocrx_word' id='word_1_71' title='bbox 1382 719 1461 756; x_wconf 86' lang='lat' dir='ltr'><strong>Sed</strong></span> 
     </span>
     <span class='ocr_line' id='line_1_10' title="bbox 132 780 1461 830; baseline 0.003 -13"><span class='ocrx_word' id='word_1_72' title='bbox 132 780 265 818; x_wconf 83' lang='lat' dir='ltr'><strong>faciles</strong></span> <span class='ocrx_word' id='word_1_73' title='bbox 293 787 382 818; x_wconf 88' lang='lat' dir='ltr'><strong>sunt</strong></span> <span class='ocrx_word' id='word_1_74' title='bbox 409 793 543 829; x_wconf 81' lang='lat' dir='ltr'><strong>preces</strong></span> <span class='ocrx_word' id='word_1_75' title='bbox 571 781 677 830; x_wconf 81' lang='lat' dir='ltr'><strong>apud</strong></span> <span class='ocrx_word' id='word_1_76' title='bbox 709 794 775 819; x_wconf 92' lang='lat' dir='ltr'><strong>eos</strong></span> <span class='ocrx_word' id='word_1_77' title='bbox 810 780 877 830; x_wconf 90' lang='lat' dir='ltr'><strong>qui</strong></span> <span class='ocrx_word' id='word_1_78' title='bbox 909 782 1010 819; x_wconf 88' lang='lat' dir='ltr'><strong>ultro</strong></span> <span class='ocrx_word' id='word_1_79' title='bbox 1045 781 1160 819; x_wconf 88' lang='lat' dir='ltr'><strong>nobis</strong></span> <span class='ocrx_word' id='word_1_80' title='bbox 1193 781 1294 820; x_wconf 87' lang='lat' dir='ltr'><strong>viam</strong></span> <span class='ocrx_word' id='word_1_81' title='bbox 1327 783 1461 821; x_wconf 85' lang='lat' dir='ltr'><strong>salutis</strong></span> 
     </span>
    </p>

    <p class='ocr_par' dir='ltr' id='par_1_4' title="bbox 76 844 1460 898">
     <span class='ocr_line' id='line_1_11' title="bbox 76 844 1460 898; baseline 0.002 -14"><span class='ocrx_word' id='word_1_82' title='bbox 76 863 113 884; x_wconf 92' lang='lat'><strong>10</strong></span> <span class='ocrx_word' id='word_1_83' title='bbox 133 845 370 883; x_wconf 88' lang='lat' dir='ltr'><strong>ostendunt:</strong></span> <span class='ocrx_word' id='word_1_84' title='bbox 401 852 556 882; x_wconf 84' lang='lat' dir='ltr'><strong>nostrae</strong></span> <span class='ocrx_word' id='word_1_85' title='bbox 581 844 696 882; x_wconf 88' lang='lat' dir='ltr'><strong>nobis</strong></span> <span class='ocrx_word' id='word_1_86' title='bbox 722 853 811 883; x_wconf 89' lang='lat' dir='ltr'><strong>sunt</strong></span> <span class='ocrx_word' id='word_1_87' title='bbox 836 845 936 884; x_wconf 88' lang='lat' dir='ltr'><strong>inter</strong></span> <span class='ocrx_word' id='word_1_88' title='bbox 961 859 1032 884; x_wconf 89' lang='lat' dir='ltr'><strong>nos</strong></span> <span class='ocrx_word' id='word_1_89' title='bbox 1058 845 1137 884; x_wconf 84' lang='lat' dir='ltr'><strong>irae</strong></span> <span class='ocrx_word' id='word_1_90' title='bbox 1159 846 1460 898; x_wconf 82' lang='lat' dir='ltr'><strong>discordiaeque</strong></span> 
     </span>
    </p>
   </div>
   <div class='ocr_carea' id='block_1_3' title="bbox 132 911 359 959">
    <p class='ocr_par' dir='ltr' id='par_1_5' title="bbox 132 911 359 959">
     <span class='ocr_line' id='line_1_12' title="bbox 132 911 359 959; baseline 0 -12"><span class='ocrx_word' id='word_1_91' title='bbox 132 911 359 959; x_wconf 88' lang='lat' dir='ltr'><strong>placandae.</strong></span> 
     </span>
    </p>
   </div>
   <div class='ocr_carea' id='block_1_4' title="bbox 129 1012 1463 1304">
    <p class='ocr_par' dir='ltr' id='par_1_6' title="bbox 129 1012 1463 1304">
     <span class='ocr_line' id='line_1_13' title="bbox 177 1012 1463 1054; baseline 0.005 -12"><span class='ocrx_word' id='word_1_92' title='bbox 177 1023 196 1042; x_wconf 82' lang='lat'><em>2</em></span> <span class='ocrx_word' id='word_1_93' title='bbox 221 1013 334 1043; x_wconf 88' lang='lat' dir='ltr'><strong>multis</strong></span> <span class='ocrx_word' id='word_1_94' title='bbox 358 1012 444 1043; x_wconf 79' lang='lat' dir='ltr'><strong>codd.</strong></span> <span class='ocrx_word' id='word_1_95' title='bbox 474 1013 626 1044; x_wconf 64' lang='lat' dir='ltr'><strong>inultis?</strong></span> <span class='ocrx_word' id='word_1_96' title='bbox 658 1014 845 1045; x_wconf 44' lang='lat' dir='ltr'><strong>infandis?</strong></span> <span class='ocrx_word' id='word_1_97' title='bbox 874 1016 926 1054; x_wconf 58' lang='lat' dir='ltr'><strong>ss.</strong></span> <span class='ocrx_word' id='word_1_98' title='bbox 960 1015 1018 1046; x_wconf 83' lang='lat' dir='ltr'><strong>Ov.</strong></span> <span class='ocrx_word' id='word_1_99' title='bbox 1043 1016 1120 1046; x_wconf 76' lang='lat' dir='ltr'><strong>Met.</strong></span> <span class='ocrx_word' id='word_1_100' title='bbox 1144 1027 1199 1046; x_wconf 77' lang='lat' dir='ltr'><strong>xv.</strong></span> <span class='ocrx_word' id='word_1_101' title='bbox 1226 1027 1265 1054; x_wconf 84' lang='lat'><strong>24</strong></span> <span class='ocrx_word' id='word_1_102' title='bbox 1293 1017 1400 1048; x_wconf 80' lang='lat' dir='ltr'><strong>multa</strong></span> <span class='ocrx_word' id='word_1_103' title='bbox 1426 1029 1463 1048; x_wconf 82' lang='lat' dir='ltr'><strong>ac</strong></span> 
     </span>
     <span class='ocr_line' id='line_1_14' title="bbox 135 1056 1460 1097; baseline 0.004 -11"><span class='ocrx_word' id='word_1_104' title='bbox 135 1056 307 1086; x_wconf 83' lang='lat' dir='ltr'><strong>metuenda</strong></span> <span class='ocrx_word' id='word_1_105' title='bbox 330 1057 483 1086; x_wconf 76' lang='lat' dir='ltr'><strong>minatur</strong></span> <span class='ocrx_word' id='word_1_106' title='bbox 511 1068 517 1087; x_wconf 89' lang='lat'>:</span> <span class='ocrx_word' id='word_1_107' title='bbox 543 1058 703 1087; x_wconf 86' lang='lat' dir='ltr'><strong>monstris</strong></span> <span class='ocrx_word' id='word_1_108' title='bbox 723 1057 851 1096; x_wconf 75' lang='lat' dir='ltr'><strong>Muell.‚</strong></span> <span class='ocrx_word' id='word_1_109' title='bbox 873 1058 986 1089; x_wconf 80' lang='lat' dir='ltr'><em>Madv.</em></span> <span class='ocrx_word' id='word_1_110' title='bbox 1012 1064 1142 1090; x_wconf 78' lang='lat' dir='ltr'><strong>secutus</strong></span> <span class='ocrx_word' id='word_1_111' title='bbox 1166 1061 1338 1097; x_wconf 81' lang='lat' dir='ltr'><strong>(monstris</strong></span> <span class='ocrx_word' id='word_1_112' title='bbox 1359 1062 1460 1092; x_wconf 86' lang='lat' dir='ltr'><strong>mutis</strong></span> 
     </span>
     <span class='ocr_line' id='line_1_15' title="bbox 134 1099 1460 1144; baseline 0.005 -15"><span class='ocrx_word' id='word_1_113' title='bbox 134 1100 403 1138; x_wconf 84' lang='lat' dir='ltr'><strong>metuendisque,</strong></span> <span class='ocrx_word' id='word_1_114' title='bbox 422 1099 480 1131; x_wconf 72' lang='lat' dir='ltr'><strong>del.</strong></span> <span class='ocrx_word' id='word_1_115' title='bbox 504 1100 613 1130; x_wconf 63' lang='lat' dir='ltr'><strong>rebus*</strong></span> <span class='ocrx_word' id='word_1_116' title='bbox 632 1112 638 1131; x_wconf 75' lang='grc' dir='ltr'>ε</span> <span class='ocrx_word' id='word_1_117' title='bbox 665 1101 781 1132; x_wconf 88' lang='lat' dir='ltr'><strong>invisis</strong></span> <span class='ocrx_word' id='word_1_118' title='bbox 798 1101 959 1133; x_wconf 72' lang='lat' dir='ltr'><strong>Momms.</strong></span> <span class='ocrx_word' id='word_1_119' title='bbox 1101 1113 1119 1141; x_wconf 81' lang='lat'><strong>5</strong></span> <span class='ocrx_word' id='word_1_120' title='bbox 1144 1114 1219 1133; x_wconf 83' lang='lat' dir='ltr'><strong>curn</strong></span> <span class='ocrx_word' id='word_1_121' title='bbox 1239 1105 1344 1134; x_wconf 82' lang='lat' dir='ltr'><strong>maria</strong></span> <span class='ocrx_word' id='word_1_122' title='bbox 1359 1110 1460 1144; x_wconf 85' lang='lat' dir='ltr'><strong>atque</strong></span> 
     </span>
     <span class='ocr_line' id='line_1_16' title="bbox 129 1143 1461 1186; baseline 0.005 -14"><span class='ocrx_word' id='word_1_123' title='bbox 129 1143 210 1183; x_wconf 85' lang='lat' dir='ltr'><strong>Jeep</strong></span> <span class='ocrx_word' id='word_1_124' title='bbox 226 1146 310 1174; x_wconf 78' lang='lat' dir='ltr'><strong>auct.</strong></span> <span class='ocrx_word' id='word_1_125' title='bbox 327 1143 438 1174; x_wconf 79' lang='lat' dir='ltr'><strong>Muell.</strong></span> <span class='ocrx_word' id='word_1_126' title='bbox 458 1155 464 1173; x_wconf 71' lang='grc' dir='ltr'>ε</span> <span class='ocrx_word' id='word_1_127' title='bbox 490 1154 563 1173; x_wconf 90' lang='lat' dir='ltr'><strong>cum</strong></span> <span class='ocrx_word' id='word_1_128' title='bbox 581 1144 650 1181; x_wconf 77' lang='lat' dir='ltr'><strong>agri</strong></span> <span class='ocrx_word' id='word_1_129' title='bbox 668 1149 767 1183; x_wconf 87' lang='lat' dir='ltr'><strong>atque</strong></span> <span class='ocrx_word' id='word_1_130' title='bbox 786 1144 874 1175; x_wconf 84' lang='lat' dir='ltr'><strong>codd.</strong></span> <span class='ocrx_word' id='word_1_131' title='bbox 894 1146 940 1180; x_wconf 59' lang='lat' dir='ltr'><strong>*siu</strong></span> <span class='ocrx_word' id='word_1_132' title='bbox 955 1156 1020 1177; x_wconf 76' lang='lat' dir='ltr'><strong>ras.</strong></span> <span class='ocrx_word' id='word_1_133' title='bbox 1040 1145 1082 1176; x_wconf 77' lang='lat' dir='ltr'><strong>F²</strong></span> <span class='ocrx_word' id='word_1_134' title='bbox 1097 1158 1103 1176; x_wconf 90' lang='lat'>:</span> <span class='ocrx_word' id='word_1_135' title='bbox 1127 1152 1229 1186; x_wconf 85' lang='lat' dir='ltr'><strong>atque</strong></span> <span class='ocrx_word' id='word_1_136' title='bbox 1247 1148 1317 1185; x_wconf 81' lang='lat' dir='ltr'><strong>agri</strong></span> <span class='ocrx_word' id='word_1_137' title='bbox 1335 1159 1408 1178; x_wconf 84' lang='lat' dir='ltr'><strong>cum</strong></span> <span class='ocrx_word' id='word_1_138' title='bbox 1423 1149 1461 1178; x_wconf 72' lang='lat' dir='ltr'><strong>hle</strong></span> 
     </span>
     <span class='ocr_line' id='line_1_17' title="bbox 133 1185 1460 1230; baseline 0.004 -14"><span class='ocrx_word' id='word_1_139' title='bbox 133 1186 181 1218; x_wconf 83' lang='lat' dir='ltr'><strong>ed.</strong></span> <span class='ocrx_word' id='word_1_140' title='bbox 199 1185 247 1217; x_wconf 89' lang='lat' dir='ltr'><strong>V.:</strong></span> <span class='ocrx_word' id='word_1_141' title='bbox 272 1197 345 1216; x_wconf 91' lang='lat' dir='ltr'><strong>cum</strong></span> <span class='ocrx_word' id='word_1_142' title='bbox 357 1186 420 1225; x_wconf 87' lang='lat' dir='ltr'><strong>ipsi</strong></span> <span class='ocrx_word' id='word_1_143' title='bbox 434 1187 504 1225; x_wconf 85' lang='lat' dir='ltr'><strong>agri</strong></span> <span class='ocrx_word' id='word_1_144' title='bbox 517 1197 589 1217; x_wconf 89' lang='lat' dir='ltr'><strong>cum</strong></span> <span class='ocrx_word' id='word_1_145' title='bbox 605 1187 670 1218; x_wconf 66' lang='lat' dir='ltr'><strong>b2l:</strong></span> <span class='ocrx_word' id='word_1_146' title='bbox 689 1198 832 1227; x_wconf 88' lang='lat' dir='ltr'><strong>cumque</strong></span> <span class='ocrx_word' id='word_1_147' title='bbox 849 1189 920 1227; x_wconf 87' lang='lat' dir='ltr'><strong>agri</strong></span> <span class='ocrx_word' id='word_1_148' title='bbox 938 1188 1059 1218; x_wconf 64' lang='lat' dir='ltr'><strong>Klotz:</strong></span> <span class='ocrx_word' id='word_1_149' title='bbox 1084 1200 1159 1220; x_wconf 85' lang='lat' dir='ltr'><strong>cum</strong></span> <span class='ocrx_word' id='word_1_150' title='bbox 1178 1201 1237 1220; x_wconf 86' lang='lat' dir='ltr'><strong>aer</strong></span> <span class='ocrx_word' id='word_1_151' title='bbox 1253 1196 1353 1230; x_wconf 86' lang='lat' dir='ltr'><strong>atque</strong></span> <span class='ocrx_word' id='word_1_152' title='bbox 1371 1196 1460 1221; x_wconf 85' lang='lat' dir='ltr'><strong>terra</strong></span> 
     </span>
     <span class='ocr_line' id='line_1_18' title="bbox 136 1229 1459 1265; baseline 0.005 -6"><span class='ocrx_word' id='word_1_153' title='bbox 136 1229 247 1260; x_wconf 81' lang='lat' dir='ltr'><strong>Garat.</strong></span> <span class='ocrx_word' id='word_1_154' title='bbox 370 1231 391 1260; x_wconf 89' lang='lat'>6</span> <span class='ocrx_word' id='word_1_155' title='bbox 421 1235 696 1261; x_wconf 82' lang='lat' dir='ltr'><strong>contremescunt</strong></span> <span class='ocrx_word' id='word_1_156' title='bbox 712 1230 746 1260; x_wconf 80' lang='lat' dir='ltr'><em>P</em></span> <span class='ocrx_word' id='word_1_157' title='bbox 840 1232 1001 1262; x_wconf 87' lang='lat' dir='ltr'><strong>inusitato</strong></span> <span class='ocrx_word' id='word_1_158' title='bbox 1018 1231 1142 1262; x_wconf 82' lang='lat' dir='ltr'><strong>Bkut</strong></span> <span class='ocrx_word' id='word_1_159' title='bbox 1159 1234 1215 1264; x_wconf 82' lang='lat' dir='ltr'><strong>all.</strong></span> <span class='ocrx_word' id='word_1_160' title='bbox 1234 1245 1241 1264; x_wconf 88' lang='lat'><strong>:</strong></span> <span class='ocrx_word' id='word_1_161' title='bbox 1268 1234 1459 1265; x_wconf 85' lang='lat' dir='ltr'><strong>inuissitato</strong></span> 
     </span>
     <span class='ocr_line' id='line_1_19' title="bbox 133 1272 526 1304; baseline 0.005 -2"><span class='ocrx_word' id='word_1_162' title='bbox 133 1272 197 1302; x_wconf 78' lang='lat' dir='ltr'><strong>Pl:</strong></span> <span class='ocrx_word' id='word_1_163' title='bbox 224 1273 397 1304; x_wconf 80' lang='lat' dir='ltr'><strong>invisitato</strong></span> <span class='ocrx_word' id='word_1_164' title='bbox 414 1272 526 1304; x_wconf 80' lang='lat' dir='ltr'><strong>Muell.</strong></span> 
     </span>
    </p>
   </div>
   <div class='ocr_carea' id='block_1_5' title="bbox 180 2475 1373 2508">
    <p class='ocr_par' dir='ltr' id='par_1_7' title="bbox 180 2475 1373 2508">
     <span class='ocr_line' id='line_1_20' title="bbox 180 2475 1373 2508; baseline 0.003 -1"><span class='ocrx_word' id='word_1_165' title='bbox 180 2488 241 2508; x_wconf 81' lang='lat' dir='ltr'><strong>cic.</strong></span> <span class='ocrx_word' id='word_1_166' title='bbox 263 2487 306 2507; x_wconf 79' lang='lat' dir='ltr'><strong>m:</strong></span> <span class='ocrx_word' id='word_1_167' title='bbox 323 2487 409 2508; x_wconf 78' lang='lat' dir='ltr'>HAR.</span> <span class='ocrx_word' id='word_1_168' title='bbox 428 2487 522 2508; x_wconf 74' lang='lat' dir='ltr'>RESP.</span> <span class='ocrx_word' id='word_1_169' title='bbox 1353 2475 1373 2505; x_wconf 85' lang='grc'><strong>9</strong></span> 
     </span>
    </p>
   </div>
  </div>
 </body>
</html>
