1774 2782
225 172 440 209 ORATIO
466 171 598 209 POST
622 171 884 208 REDITVM
910 171 968 207 IN
991 170 1212 207 SENATV
1237 170 1452 206 HABITA
1521 179 1547 215 4
1566 182 1584 212 9

223 286 261 323 in
282 300 320 323 re
338 285 494 335 publica
515 285 653 322 consul
675 291 802 331 esset3
827 284 934 333 quod
949 296 1037 321 vere
1059 282 1207 320 dixerat
1223 282 1254 319 si
1274 283 1369 320 illud
1386 283 1436 320 de
1453 283 1547 319 duo-

223 351 297 388 bus
318 350 557 396 consulibus,
580 350 689 399 quod
709 357 800 387 ante
822 348 861 386 in
883 362 922 387 re
940 347 1100 398 publica
1117 360 1197 385 non
1215 348 1351 393 fuerat,
1375 360 1546 396 perenne

224 429 269 453 ac
287 415 485 465 proprium
503 428 661 453 manere
678 414 880 464 potuisset.
915 415 1036 462 Quod
1051 413 1081 451 si
1097 414 1145 462 Q.
1164 414 1350 451 Metellus
1373 412 1438 450 illo
1452 420 1545 450 tem-

221 493 315 529 pore
335 481 473 518 consul
493 480 628 517 fuisset
657 477 884 531 [inimicus],
908 478 1095 517 dubitatis
1118 491 1197 527 quo
1217 477 1351 515 animo
1372 476 1485 514 fuerit
1506 476 1543 513 in

183 556 200 587 5
222 558 285 582 me
305 546 576 583 conservando
597 545 757 590 futurus,
778 557 868 582 cum
890 543 929 581 in
952 543 1195 581 restituendo
1209 550 1410 580 auctorem
1428 541 1545 578 fuisse

220 609 581 659 adscriptoremque
598 609 792 648 videatis?
849 609 927 646 Sed
949 609 1104 646 fuerunt
1126 607 1151 644 ii
1172 608 1354 645 consules
1376 620 1542 656 quorum

220 682 371 712 mentes
398 682 587 724 angustae
607 674 775 712 humiles
806 687 957 724 pravae,
981 674 1163 723 oppletae
1192 672 1363 710 tenebris
1393 685 1439 709 ac
1469 685 1543 710 sor-

219 739 346 786 dibus,
370 753 516 778 nomen
544 740 672 790 ipsum
700 740 938 786 consulatus,
962 739 1213 788 splendorem
1242 737 1343 776 illius
1371 737 1541 784 honoris,

220 804 532 854 magnitudinem
562 805 659 843 tanti
690 804 827 854 imperi
860 818 932 842 nec
965 803 1106 841 intueri
1139 816 1211 841 nec
1247 802 1436 841 sustinere
1471 815 1544 840 nec

166 885 202 907 10
221 882 359 919 capere
380 878 739 920 potuerunt‚—non
767 870 961 915 consules,
985 870 1053 907 sed
1076 875 1311 906 mercatores
1332 867 1545 917 provincia-

220 948 305 972 rum
335 948 380 973 ac
410 936 632 974 venditores
663 942 811 973 vestrae
841 934 1066 984 dignitatis3
1096 947 1264 983 quorum
1296 934 1391 971 alter
1425 946 1447 970 a
1482 946 1545 970 me

222 1000 444 1048 Catilinam,
462 1009 677 1039 amatorem
700 1014 826 1047 suum,
847 999 977 1038 multis
999 999 1263 1045 audientibus,
1287 1000 1382 1036 alter
1403 997 1544 1038 Cethe-

218 1079 310 1115 gum
340 1066 623 1104 consobrinum
653 1065 909 1115 reposcebat3
949 1064 1015 1114 qui
1051 1078 1113 1102 me
1146 1065 1226 1102 duo
1258 1063 1544 1101 sceleratissimi

219 1138 307 1179 post
339 1130 545 1168 hominum
577 1129 807 1168 memoriam
842 1142 923 1166 non
954 1130 1136 1167 consules
1168 1130 1237 1167 sed
1267 1130 1436 1166 latrones
1464 1141 1545 1165 non

161 1208 198 1239 15
220 1196 340 1233 modo
361 1197 628 1242 deseruerunt,
652 1195 691 1232 in
713 1209 830 1233 causa
850 1194 1074 1245 praesertim
1098 1194 1257 1244 publica
1277 1201 1315 1231 et
1337 1194 1541 1239 consulari,

219 1261 288 1298 sed
308 1260 576 1310 prodiderunt,
601 1268 887 1310 oppugnarunt,
912 1259 1019 1297 omni
1047 1259 1190 1296 auxilio
1218 1272 1298 1296 non
1325 1260 1452 1295 solum
1473 1271 1545 1295 suo

219 1326 288 1363 sed
327 1325 443 1363 etiam
479 1333 608 1363 vestro
647 1333 946 1374 ceterorumque
987 1324 1170 1363 ordinum
1210 1324 1421 1375 spoliatum
1460 1336 1544 1361 esse

217 1392 435 1428 voluerunt.
496 1392 676 1439 Quorum
711 1392 807 1428 alter
837 1398 967 1427 tamen
1002 1403 1132 1439 neque
1165 1404 1228 1428 me
1257 1402 1385 1439 neque
1412 1402 1545 1439 quem-

218 1469 336 1505 quam
364 1456 509 1495 fefellit.
570 1455 670 1502 Quis
698 1455 802 1494 enim
831 1457 950 1493 ullam
979 1455 1093 1493 ullius
1121 1455 1217 1493 boni
1245 1468 1356 1505 spem
1384 1455 1543 1492 haberet

159 1536 200 1557 20
219 1521 258 1558 in
280 1534 327 1558 eo
348 1521 458 1559 cuius
480 1521 649 1571 primum
671 1529 826 1570 tempus
851 1520 989 1558 aetatis
1017 1522 1146 1571 palam
1175 1520 1311 1558 fuisset
1337 1521 1388 1558 ad
1417 1520 1544 1557 omnis

218 1586 400 1624 libidines
430 1586 703 1636 divulgatum?
742 1585 808 1635 qui
840 1599 889 1623 ne
918 1599 940 1623 a
970 1586 1215 1624 sanctissima
1245 1585 1406 1635 quidem
1437 1592 1545 1635 parte

217 1651 390 1700 corporis
411 1651 602 1701 potuisset
630 1650 836 1689 hominum
865 1650 1059 1700 impuram
1087 1649 1430 1700 intemperantiam
1460 1662 1545 1699 pro-

218 1717 399 1765 pulsare?
456 1715 522 1765 qui
562 1729 652 1753 cum
692 1729 803 1753 suam
838 1729 919 1753 rem
955 1729 1036 1753 non
1072 1715 1200 1753 minus
1236 1723 1393 1753 strenue
1424 1727 1543 1764 quam

219 1788 354 1830 postea
377 1781 577 1831 publicam
604 1780 849 1827 confecisset,
879 1788 1094 1830 egestatem
1123 1789 1162 1819 et
1191 1782 1381 1818 luxuriem
1413 1781 1545 1818 dome-

159 1864 197 1893 25
219 1846 316 1884 stico
332 1846 528 1885 lenocinio
543 1846 803 1884 sustentavit?
846 1846 913 1895 qui
934 1846 1008 1884 nisi
1030 1846 1068 1883 in
1090 1860 1196 1884 aram
1218 1846 1438 1884 tribunatus
1455 1859 1545 1883 con—

218 1911 388 1960 fugisset,
411 1924 540 1960 neque
565 1911 643 1948 vim
670 1911 858 1961 praetoris
886 1924 960 1948 nec
988 1910 1282 1948 multitudinem
1306 1911 1543 1949 creditorum

217 1990 289 2015 nec
327 1977 523 2014 bonorum
556 1975 881 2025 proscriptionem
923 1977 1091 2026 effugere
1126 1975 1347 2026 potuisset?
1404 1976 1470 2026 qui
1506 1976 1544 2013 in

216 2042 439 2091 magistratu
461 2041 534 2079 nisi
548 2041 790 2091 rogationem
812 2043 862 2079 de
883 2041 1046 2091 piratico
1067 2042 1171 2080 bello
1188 2042 1350 2089 tulisset,
1369 2043 1544 2092 profecto

219 2115 388 2157 egestate
421 2114 458 2144 et
488 2106 740 2156 improbitate
770 2115 931 2144 coactus
960 2107 1162 2157 piraticam
1190 2107 1275 2157 ipse
1304 2106 1469 2153 fecisset,
1499 2120 1543 2144 ac

157 2186 197 2216 30
218 2172 368 2210 minore
398 2172 559 2222 quidem
592 2186 680 2210 cum
718 2173 771 2210 rei
801 2172 984 2223 publicae
1015 2172 1254 2211 detrimento
1285 2186 1403 2222 quam
1436 2174 1543 2222 quod

259 2288 279 2307 2
303 2288 370 2307 non
389 2288 456 2308 om.
475 2289 488 2306 ε
508 2288 514 2308 :
541 2275 656 2316 Wolfio
675 2281 758 2308 auct.
777 2277 847 2308 secl.
866 2277 995 2316 Kayser
1107 2288 1127 2316 4
1149 2278 1305 2308 inimicus
1323 2278 1391 2308 secl.
1412 2277 1519 2308 Halm
1537 2289 1543 2307 :

215 2332 279 2351 non
293 2321 383 2352 inim.
397 2320 500 2352 kus'.
526 2319 620 2350 Num
633 2321 696 2351 etsi
712 2321 821 2351 inim?
842 2321 874 2359 (ξ
891 2324 949 2359 25)
1039 2323 1059 2351 6
1085 2321 1123 2362 ii]
1137 2322 1203 2352 duo
1214 2321 1290 2352 Hbs
1382 2332 1397 2359 7
1419 2331 1541 2360 parvae

218 2364 294 2395 Gbce
418 2374 452 2395 11
472 2374 491 2395 a
507 2374 535 2395 S.
551 2364 572 2395 l.
593 2363 653 2404 P¹,
674 2364 742 2394 rell.
759 2374 768 2394 ε
791 2367 873 2395 auct.
893 2363 1034 2394 Halmio
1050 2375 1114 2395 om.
1135 2364 1204 2397 edd.
1319 2375 1362 2396 20
1378 2375 1496 2394 omncs
1514 2363 1545 2391 P

217 2408 279 2438 rell.
297 2412 426 2448 praeter
435 2419 466 2438 ee
484 2408 663 2447 (omniurn)
769 2417 810 2445 24
835 2408 999 2438 luxuriam
1025 2407 1119 2438 kus
1137 2408 1245 2447 tVerr.
1265 2419 1296 2448 v,
1319 2411 1333 2445 ξ
1353 2410 1409 2448 80)
1501 2416 1540 2444 27

218 2450 272 2490 qui
288 2450 376 2482 codd.
394 2454 522 2491 praeter
537 2462 568 2481 ce
586 2453 677 2491 (quo)
783 2461 825 2490 3ο
849 2461 947 2490 quam
966 2462 1033 2490 quo
1050 2462 1129 2482 cont.
1153 2451 1266 2483 Garat.

1569 620 1605 641 10

1566 1442 1590 1480 5

1570 1505 1578 1525 Ι
1594 1504 1600 1524 l
