1774 2782
162 137 213 164 22

172 934 222 970 23

182 995 219 1025 52

234 143 269 173 51
604 128 659 163 M.
692 126 860 162 TVLLI
893 125 1200 164 CICERONIS

234 243 540 286 propugnatores
558 235 672 271 huius
695 233 831 283 imperi
853 241 1013 283 possent
1031 234 1068 270 in
1086 234 1187 271 hanc
1204 232 1401 271 civitatem
1419 232 1561 277 venire,

235 308 273 339 et
293 308 427 338 contra
449 305 740 348 oppugnatores
762 299 814 336 rei
837 298 1019 347 publicae
1040 299 1090 336 de
1112 299 1270 335 civitate
1291 296 1538 336 exterminari
1556 299 1563 334 ἔ

236 368 377 415 Neque
406 364 510 403 enim
542 365 606 402 ille
638 377 815 401 summus
850 371 967 413 poeta
1008 370 1140 401 noster
1182 362 1419 400 Hannibalis
1458 362 1563 399 illam

237 432 358 479 magis
379 428 693 468 cohortationem
715 441 834 478 quam
856 440 1111 466 communem
1133 426 1422 477 imperatoriam
1443 425 1565 464 voluit

237 509 344 534 esse:

292 562 463 598 Hostem
494 561 560 609 qui
591 560 714 606 feriet,
744 559 826 606 erit,
859 557 996 608 inquit,
1030 556 1124 595 mihi
1156 558 1500 607 Carthaginiensis,

292 625 482 675 Quisquis
512 626 593 663 erit.

291 691 416 731 Cuius
437 690 602 728 civitatis
624 691 682 737 sit,
708 689 747 728 id
768 689 917 727 habent
942 688 1062 727 hodie
1087 690 1172 727 leve
1193 695 1231 727 et
1252 701 1405 738 semper
1425 688 1568 726 habue-

239 764 342 804 runt,
374 758 506 806 itaque
545 763 582 794 et
617 757 711 793 civis
747 754 923 803 undique
959 755 1066 792 fortis
1104 755 1206 792 viros
1244 753 1493 792 adsciverunt
1531 760 1569 791 et

241 821 447 859 hominum
476 821 708 870 ignobilium
734 819 915 858 virtutem
946 832 1133 869 persaepe
1164 818 1377 857 nobilitatis
1409 817 1570 856 inertiae

242 888 520 937 praetulerunt.

298 951 465 990 Habetis
511 950 790 1000 imperatorum
834 962 1078 987 summorum
1118 956 1156 987 et
1195 949 1571 998 sapientissimorum

243 1017 460 1063 hominum,
484 1017 787 1053 clarissimorum
818 1014 1000 1061 virorum,
1025 1015 1384 1063 interpretationem
1410 1015 1500 1052 iuris
1526 1027 1572 1051 ac

244 1084 470 1121 foederum:
506 1081 611 1119 dabo
641 1082 759 1119 etiam
790 1080 965 1118 iudicum
996 1079 1063 1128 qui
1094 1080 1185 1116 huic
1217 1078 1437 1128 quaestioni
1468 1091 1574 1127 prae-

244 1149 410 1193 fuerunt,
441 1147 546 1185 dabo
576 1145 744 1183 universi
775 1145 911 1194 populi
943 1144 1126 1191 Romani,
1150 1145 1255 1182 dabo
1283 1144 1573 1182 sanctissimum

244 1221 282 1251 et
311 1211 641 1262 sapientissimum
672 1209 862 1248 iudicium
899 1209 1016 1248 etiam
1051 1217 1219 1247 senatus.
1293 1209 1450 1247 Iudices
1480 1221 1571 1246 cum

245 1291 337 1328 prae
358 1290 399 1316 se
413 1278 557 1316 ferrent
578 1277 788 1326 palamque
812 1277 1066 1324 loquerentur
1082 1274 1178 1324 quid
1199 1281 1328 1312 essent
1348 1275 1432 1323 lege
1454 1274 1575 1322 Papia

245 1345 295 1382 de
318 1345 373 1381 M.
392 1343 532 1383 Cassio
550 1341 797 1379 Mamertinis
819 1339 1088 1390 repetentibus
1110 1339 1327 1385 iudicaturi,
1346 1338 1574 1377 Mamertini

246 1409 402 1459 publice
429 1414 609 1456 suscepta
636 1419 752 1444 causa
777 1406 1020 1444 destiterunt.
1082 1404 1200 1441 Multi
1230 1406 1269 1441 in
1300 1403 1495 1442 civitatem
1523 1416 1577 1441 re-

246 1474 349 1525 cepti
371 1487 416 1512 ex
437 1472 568 1511 liberis
596 1471 885 1520 foederatisque
915 1471 1071 1520 populis
1097 1467 1282 1521 [liberati]
1311 1476 1426 1506 sunt:
1458 1481 1576 1506 nemo

246 1553 434 1589 umquam
456 1546 513 1577 est
534 1539 583 1576 de
604 1537 759 1575 civitate
784 1543 1002 1582 accusatus,
1026 1536 1134 1584 quod
1155 1542 1220 1572 aut
1242 1535 1410 1584 populus
1432 1534 1576 1572 fundus

247 1607 371 1643 sactus
402 1617 481 1642 non
513 1610 628 1651 esset,
658 1610 724 1640 aut
753 1602 863 1651 quod
893 1602 1052 1639 foedere
1081 1600 1246 1637 civitatis
1277 1600 1489 1637 mutandae
1518 1599 1577 1636 ius

188 1692 203 1721 5
249 1671 511 1720 impediretur.
562 1668 735 1706 Audebo
752 1669 868 1706 etiam
891 1668 966 1704 hoc
987 1666 1243 1712 contendere,
1259 1677 1475 1713 numquam
1492 1675 1578 1701 esse

249 1737 558 1773 condemnatum
581 1747 699 1784 quem
721 1739 918 1771 constaret
943 1732 994 1769 ab
1016 1732 1248 1780 imperatore
1269 1737 1403 1767 nostro
1425 1729 1579 1766 civitate

251 1803 452 1839 donatum.
504 1800 744 1848 Cognoscite
762 1810 867 1835 nunc
889 1797 1024 1846 populi
1048 1796 1220 1833 Romani
1237 1795 1426 1833 iudicium
1447 1794 1578 1831 multis

251 1867 366 1904 rebus
392 1866 665 1914 interpositum
692 1871 810 1913 atque
841 1864 881 1900 in
912 1862 1091 1900 maximis
1123 1861 1249 1898 causis
1280 1873 1320 1898 re
1349 1861 1432 1909 ipsa
1461 1867 1580 1908 atque

252 1945 323 1969 usu
338 1930 651 1980 comprobatum.
703 1930 806 1969 Cum
830 1927 978 1966 Latinis
996 1927 1181 1965 omnibus
1197 1927 1336 1964 foedus
1353 1938 1438 1963 esse
1459 1926 1578 1962 ictum

294 2037 314 2065 6
340 2035 380 2064 mi
400 2034 509 2064 Muell.
531 2037 587 2064 lac.
743 2034 763 2062 8
789 2033 884 2062 cuius
901 2031 1044 2061 civitatis
1063 2030 1106 2061 sit
1124 2030 1257 2060 Baiter:
1281 2029 1399 2059 cuiatis
1417 2028 1479 2057 siet
1496 2027 1579 2058 PB:

252 2079 397 2110 civitatis
414 2078 478 2108 siet
498 2077 575 2108 GE:
603 2077 716 2107 cuiati'
737 2077 801 2106 siet
821 2078 872 2116 (ut
886 2076 953 2105 sint
970 2075 1076 2104 Ennii
1089 2074 1197 2111 verba)
1218 2073 1312 2103 Orell.
1332 2070 1489 2111 (quisqui'
1503 2071 1580 2107 siet,

252 2122 362 2153 cuiati'
388 2122 452 2153 siet
482 2121 651 2161 Merztla):
680 2120 799 2150 cuiatis
829 2118 912 2149 siet'.
941 2119 1077 2148 Habent
1110 2119 1172 2147 hoc
1205 2117 1279 2147 leve
1307 2116 1425 2145 Klotz:
1463 2114 1582 2145 cuiatis

252 2166 338 2197 erit'.
384 2165 421 2195 Id
450 2166 576 2195 habent
606 2164 769 2195 sollemne
800 2163 911 2193 Paul:
949 2162 1052 2191 Cuius
1078 2162 1169 2191 enim
1193 2161 1337 2198 quisque
1366 2158 1511 2189 civitatis
1538 2157 1582 2188 sit

253 2209 361 2239 Halm
465 2209 567 2239 hodie
594 2208 721 2238 Halm:
759 2208 822 2237 hoc
851 2205 938 2237 codd.
969 2205 1020 2238 ide
1045 2205 1155 2234 Domo
1176 2206 1191 2240 ξ
1212 2203 1269 2242 34)
1438 2212 1473 2240 17
1501 2211 1583 2240 prae

254 2264 290 2283 se
308 2254 434 2283 ferrent
450 2252 490 2283 b:
516 2262 553 2282 se
579 2252 792 2291 praeferrent
818 2249 948 2280 P¹GE2
981 2258 1083 2287 saepe
1108 2247 1320 2287 praeferrent
1342 2245 1421 2276 1223
1441 2245 1582 2281 (ferrent

255 2296 336 2334 H‘a‘)
470 2305 513 2325 20
537 2295 668 2326 liberati
691 2294 757 2325 secl.
780 2294 910 2324 Baiter:
937 2292 1068 2323 liberati
1091 2296 1168 2321 Sunt
1188 2301 1254 2322 om.
1271 2289 1348 2319 ku
1369 2293 1396 2319 et
1415 2288 1484 2319 edd.
1507 2291 1585 2319 ante

259 2339 449 2369 Gruterum.
483 2339 600 2369 Multis
632 2339 667 2368 in
700 2339 762 2368 civ.
796 2336 942 2375 receptis
975 2359 983 2366 .
1019 2361 1026 2367 .
1060 2360 1066 2367 .
1101 2334 1244 2374 populis,
1281 2343 1380 2363 nemo
1413 2331 1497 2362 Reid
1525 2335 1581 2362 tac.

258 2392 296 2421 27
322 2393 396 2413 esse
412 2383 512 2413 ictum
529 2381 642 2413 Madv.
662 2394 668 2412 :
693 2382 794 2412 ictum
811 2381 828 2409 b
844 2392 849 2412 :
877 2385 967 2410 esset
985 2389 1059 2410 cum
1078 2378 1140 2409 rell.

1587 507 1603 539 5

1592 832 1630 854 10

1596 1157 1631 1188 15

1598 1482 1638 1504 20

1600 1806 1637 1838 25
