1774 2782
432 527 499 574 M.
541 527 752 574 TVLLI
808 527 1204 575 CICERONIS

205 668 300 714 DE
371 668 583 716 DOMO
647 670 784 716 SVA
846 670 946 716 AD
1010 670 1449 717 PONTIFICES

689 752 974 800 ORATIO

214 888 308 926 Cvm
325 889 445 926 multa
458 887 654 934 divinitus,
672 887 891 937 pontifices,
907 901 929 925 a
948 887 1158 926 maioribus
1173 888 1314 926 nostris
1328 888 1485 928 inventa
1506 891 1520 916 1

158 960 275 1002 atque
294 952 467 990 instituta
482 960 582 999 sunt,
602 960 685 990 tum
703 952 798 990 nihil
813 952 1048 1002 praeclarius
1066 966 1184 1003 quam
1200 955 1307 1003 quod
1323 956 1483 992 eosdem
1510 950 1518 970 ¹

158 1025 195 1054 et
212 1017 463 1067 religionibus
480 1018 645 1055 deorum
667 1016 947 1054 immortalium
971 1024 1008 1055 et
1031 1030 1208 1055 summae
1231 1018 1283 1056 rei
1305 1018 1485 1068 publicae

158 1095 335 1132 praeesse
356 1083 578 1128 voluerunt,
597 1088 640 1119 ut
660 1081 890 1131 amplissimi
907 1089 945 1120 et
968 1081 1170 1120 clarissimi
1192 1082 1296 1121 cives
1317 1096 1397 1121 rem
1418 1096 1484 1133 pu-

119 1161 135 1190 5
157 1147 298 1184 blicam
328 1147 428 1184 bene
457 1147 632 1196 gerendo
659 1145 877 1195 religiones,
910 1145 1116 1195 religiones
1150 1146 1344 1197 sapienter
1373 1147 1485 1185 inter-

156 1213 346 1261 pretando
369 1225 448 1249 rem
470 1210 670 1261 publicam
686 1218 971 1249 conservarent.
1031 1213 1152 1260 Quod
1167 1211 1197 1249 si
1212 1213 1291 1249 ullo
1308 1219 1483 1262 tempore

156 1291 298 1326 magna
317 1291 435 1314 causa
455 1276 496 1314 in
511 1277 762 1314 sacerdotum
783 1276 917 1326 populi
938 1276 1110 1314 Romani
1133 1276 1278 1314 iudicio
1303 1290 1349 1314 ac
1377 1284 1483 1326 pote-

155 1350 252 1380 state
269 1350 418 1379 versata
434 1349 501 1388 est,
521 1342 619 1380 haec
633 1343 811 1392 profecto
829 1348 936 1378 tanta
953 1349 1011 1379 est
1029 1349 1070 1378 ut
1088 1340 1215 1378 omnis
1232 1341 1284 1378 rei
1302 1341 1483 1391 publicae

154 1407 332 1456 dignitas,
364 1405 542 1444 omnium
572 1405 717 1444 civium
748 1406 861 1452 salus,
885 1405 972 1452 vita,
1004 1405 1170 1452 libertas,
1201 1419 1300 1452 arae,
1331 1405 1418 1452 foci,
1442 1405 1482 1444 di

98 1485 136 1506 10
154 1481 328 1523 penates,
355 1472 471 1518 bona,
503 1473 693 1519 fortunae,
723 1470 923 1510 domicilia
951 1478 1101 1509 vestrae
1129 1470 1353 1521 sapientiae,
1378 1470 1484 1517 fidei,

154 1537 335 1589 potestati
367 1537 578 1575 commissa
607 1538 836 1587 creditaque
869 1550 953 1575 esse
983 1536 1200 1574 videantur.
1260 1536 1385 1574 Vobis
1416 1537 1482 1574 ho·
1506 1554 1519 1575 ε

154 1603 291 1642 dierno
325 1602 389 1641 die
424 1602 745 1641 constituendum
779 1610 837 1640 est
869 1610 1000 1639 utrum
1036 1602 1200 1651 posthac
1234 1600 1401 1639 amentis
1435 1614 1481 1639 ac

154 1668 326 1719 perditos
363 1668 609 1718 magistratus
645 1667 915 1718 improborum
949 1680 995 1704 ac
1028 1668 1304 1704 sceleratorum
1336 1666 1480 1704 civium

155 1733 351 1784 praesidio
379 1734 538 1779 nudare,
568 1747 618 1771 an
647 1734 764 1771 etiam
793 1734 958 1771 deorum
987 1731 1266 1770 immortalium
1296 1731 1482 1781 religione

99 1809 133 1840 ¹5
154 1812 302 1837 armare
317 1798 470 1836 malitis.
513 1799 614 1836 Nam
631 1797 661 1835 si
675 1797 740 1835 illa
753 1797 861 1836 labes
874 1811 918 1835 ac
934 1798 1091 1834 flamma
1105 1796 1157 1834 rei
1171 1796 1352 1847 publicae
1366 1810 1480 1834 suum

155 1863 262 1901 illum
296 1863 523 1913 pestiferum
554 1870 592 1901 et
621 1864 821 1901 funestum
851 1862 1103 1907 tribunatum,
1135 1875 1253 1911 quem
1283 1861 1480 1911 aequitate

153 1929 326 1966 humana
353 1927 451 1965 tueri
479 1941 558 1964 non
588 1934 727 1976 potest,
751 1926 884 1964 divina
912 1925 1099 1975 religione
1127 1925 1356 1972 defenderit,
1383 1927 1480 1963 aliae

152 1992 413 2031 caerimoniae
434 1992 549 2030 nobis
569 1999 692 2037 erunt,
708 1991 771 2029 alii
789 1991 981 2029 antistites
999 1992 1163 2029 deorum
1185 1989 1476 2038 immortalium,

151 2058 213 2095 alii
244 2059 471 2107 interpretes
496 2057 727 2107 religionum
749 2056 970 2106 requirendi
990 2070 998 2103 ;
1026 2055 1087 2093 sin
1111 2063 1242 2092 autern
1265 2063 1390 2092 vestra
1416 2068 1480 2092 au-

94 2133 133 2152 20
152 2123 329 2161 ctoritate
350 2121 629 2172 sapientiaque,
650 2121 867 2171 pontifices,
887 2135 932 2158 ea
949 2134 1049 2170 quae
1067 2121 1194 2158 furore
1210 2119 1477 2170 improborum

198 2238 209 2256 r
238 2237 256 2256 a
272 2237 336 2256 om.
354 2226 416 2255 PB
505 2237 523 2255 2
550 2225 657 2266 quod]
677 2227 766 2265 quod
786 2236 844 2256 vos
861 2236 877 2256 c
953 2237 971 2264 4
988 2237 1024 2256 re
1040 2236 1074 2265 p.
1094 2226 1180 2255 bene
1199 2225 1348 2263 gerenda
1366 2223 1476 2255 Murll.

153 2272 204 2309 (ut
219 2269 266 2299 acl
288 2269 379 2307 Qut'r.
404 2272 418 2306 ξ
439 2270 495 2306 21)
602 2278 621 2307 5
635 2270 820 2308 religiones
834 2268 1029 2309 scrr'pst'ante
1047 2270 1219 2308 sapienter
1236 2279 1243 2298 z
1261 2268 1478 2307 religionibus

152 2313 239 2344 codd.
262 2313 313 2352 [ut
325 2317 388 2352 pro
405 2312 513 2342 omnis
536 2311 557 2343 l.
579 2313 598 2341 8
615 2312 736 2341 habent
760 2312 821 2342 ΡΒ
837 2312 1008 2351 omnibus}
1026 2323 1033 2343 :
1071 2312 1269 2350 religionum
1284 2311 1334 2341 ius
1348 2311 1455 2340 Halm
1472 2323 1478 2341 z

151 2356 369 2394 religionibus
386 2366 455 2394 sap.
475 2356 738 2395 interpretandis
759 2360 795 2385 ut
812 2356 925 2395 Lange
940 2357 984 2386 ila
1001 2357 1021 2387 k
1158 2366 1174 2394 7
1200 2356 1232 2385 in
1252 2358 1289 2385 ut
1304 2354 1419 2383 Baiter
1432 2354 1476 2383 ila

151 2400 170 2429 k
188 2411 194 2430 ε
218 2402 292 2428 ante
304 2399 426 2428 iudicio
440 2400 520 2430 conl.
534 2398 650 2439 Lange
739 2410 780 2429 20
800 2402 875 2439 post
889 2400 1115 2439 improborum
1128 2398 1247 2428 habent
1264 2397 1351 2427 PB}
1363 2407 1476 2426 amore

152 2443 314 2472 bonorum
333 2443 470 2479 (timore
487 2443 649 2473 bonorum
671 2441 749 2482 M);
773 2453 837 2473 om.
859 2442 937 2472 ku

195 2496 258 2517 εις.
280 2495 323 2516 DE
347 2494 443 2516 Domo
1370 2485 1389 2512 3
