1774 2782
247 143 321 181 DE
354 144 520 182 DOMO
551 145 653 182 SVA
684 146 760 182 AD
794 145 1126 184 PONTIFICES
1158 146 1373 183 ORATIO
1426 154 1476 191 33

154 252 285 291 vidisti
304 260 387 292 tum
410 266 499 291 cum
528 254 644 292 etiam
672 254 741 292 tibi
769 263 905 299 contra
930 263 1087 292 senatus
1115 255 1313 303 totiusque
1342 255 1478 292 Italiae

150 317 423 356 auctoritatem
445 326 483 356 et
504 319 677 357 studium
700 319 858 358 dicendi
882 328 1053 369 potestas
1076 319 1157 357 suit.
1218 321 1288 357 Ille
1310 322 1476 369 populus

151 390 208 420 est
225 384 411 421 dominus
432 397 579 433 regum,
591 384 712 422 victor
729 393 847 433 atque
869 384 1078 434 imperator
1095 384 1270 421 omnium
1288 383 1474 433 gentium,

150 460 268 497 quem
295 447 361 485 illo
386 449 601 486 clarissimo
633 449 708 496 die,
732 450 930 496 scelerate,
955 449 1084 486 vidisti
1115 457 1197 486 tum
1220 462 1308 486 cum
1339 462 1476 487 omnes

115 530 130 560 5
151 511 346 561 principes
376 511 553 559 civitatis,
578 526 716 551 omnes
748 514 913 550 homiues
944 513 1126 550 ordinum
1157 520 1274 561 atque
1303 522 1475 551 aetatum

149 575 327 614 omnium
359 577 581 626 suffragium
610 591 651 615 se
679 591 758 615 non
787 579 837 615 de
865 577 958 615 civis
986 579 1054 616 sed
1082 579 1132 615 de
1160 577 1323 615 civitatis
1354 580 1477 615 salute

151 642 247 679 ferre
281 641 505 688 censebant,
543 656 633 680 cum
673 643 845 693 denique
882 643 1063 681 homines
1100 644 1138 680 in
1174 655 1358 691 campum
1396 656 1475 680 non

149 706 321 744 tabernis
342 707 411 744 sed
433 706 655 756 municipiis
677 709 818 745 clausis
840 716 1035 746 venerant.
1098 709 1190 745 Hoc
1217 721 1290 757 ego
1318 709 1473 757 populo,

149 770 180 808 si
202 779 285 809 tum
306 772 489 808 consules
509 779 576 809 aut
604 772 767 811 fuissent
795 773 834 810 in
863 786 902 811 re
931 773 1087 823 publica
1111 780 1177 810 aut
1206 772 1370 810 omnino
1397 786 1475 810 non

93 852 131 875 10
150 835 323 882 fuissent,
342 837 451 873 nullo
467 836 600 874 labore
622 844 690 875 tuo
712 837 912 887 praecipiti
936 837 1051 874 furori
1068 845 1186 886 atque
1201 836 1321 886 impio
1343 837 1476 875 sceleri

150 900 387 940 restitissem.
449 903 528 940 Sed
542 902 742 951 publicam
757 916 914 940 causam
936 911 1072 941 contra
1094 903 1170 940 vim
1191 911 1377 940 armatam
1394 903 1476 940 sine

149 966 311 1016 publico
330 967 527 1016 praesidio
549 968 747 1016 suscipere
769 967 889 1014 nolui,
907 980 986 1005 non
1001 980 1082 1016 quo
1099 966 1195 1004 mihi
1212 969 1253 1004 P.
1269 967 1474 1016 Scipionis,

148 1031 346 1069 fortissimi
368 1031 448 1079 viri,
471 1031 529 1070 vis
550 1031 589 1070 in
611 1032 671 1070 Ti.
692 1034 872 1079 Graccho,
888 1032 1024 1082 privati
1042 1031 1224 1076 hominis,
1241 1032 1477 1081 displiceret,

149 1099 217 1135 sed
235 1097 429 1147 Scipionis
450 1099 595 1136 factum
618 1098 747 1135 statim
767 1100 808 1137 P.
829 1098 986 1136 Mucius
1003 1099 1151 1144 consul,
1168 1098 1234 1147 qui
1257 1098 1293 1135 in
1307 1099 1476 1147 gerenda

91 1176 129 1207 15
149 1174 190 1199 re
218 1160 412 1214 [publica]
443 1163 654 1211 putabatur
684 1162 802 1200 fuisse
833 1163 998 1212 segnior,
1021 1170 1129 1212 gesta
1159 1163 1289 1200 multis
1320 1171 1475 1200 senatus

149 1228 338 1265 consultis
367 1241 447 1265 non
476 1229 596 1266 modo
624 1229 812 1275 defendit,
837 1230 906 1267 sed
935 1230 1050 1267 etiam
1081 1228 1258 1266 ornavit:
1290 1228 1384 1266 mihi
1409 1237 1475 1266 aut

149 1299 188 1330 te
217 1291 422 1331 interfecto
445 1306 536 1330 cum
558 1293 799 1340 consulibus,
822 1302 889 1332 aut
911 1302 948 1333 te
976 1294 1064 1332 vivo
1092 1302 1130 1332 et
1159 1302 1288 1332 tecum
1317 1302 1354 1332 et
1384 1307 1473 1331 cum

149 1356 223 1395 illis
238 1358 355 1396 armis
372 1360 656 1397 decertandum
679 1359 760 1398 fuit.
823 1360 945 1398 Erant
962 1373 1010 1398 eo
1025 1367 1202 1410 tempore
1218 1361 1341 1397 multa
1358 1358 1472 1397 etiam

147 1422 223 1460 alia
251 1427 474 1463 metuenda.
534 1426 599 1463 Ad
626 1438 758 1463 servos
780 1425 933 1463 medius
956 1425 1070 1463 fidius
1091 1438 1149 1462 res
1171 1425 1327 1474 publica
1354 1424 1476 1461 venis-

90 1500 129 1521 20
149 1495 237 1535 set;
278 1496 433 1527 tantum
465 1489 648 1528 homines
684 1489 826 1540 impios
862 1504 907 1527 ex
942 1498 1072 1528 vetere
1112 1490 1176 1527 illa
1205 1488 1475 1526 coniuratione

149 1552 324 1591 inustum
345 1553 500 1592 nefariis
521 1555 722 1593 mentibus
742 1555 939 1593 bonorum
962 1555 1097 1592 odium
1121 1555 1292 1592 tenebat.

204 1618 284 1656 Hic
304 1627 344 1657 tu
368 1633 430 1658 me
452 1619 567 1657 etiam
590 1619 742 1669 gloriari
764 1629 869 1658 vetas
890 1635 899 1667 ς
926 1633 1045 1669 negas
1074 1633 1160 1658 esse
1187 1620 1347 1657 ferenda
1375 1632 1476 1668 quae

149 1685 299 1721 soleam
317 1685 368 1722 de
390 1698 453 1723 me
469 1685 703 1735 praedicare,
723 1693 760 1723 et
782 1686 903 1723 homo
923 1687 1071 1723 facetus
1090 1684 1243 1722 inducis
1265 1685 1380 1721 etiam
1403 1697 1475 1721 ser-

149 1761 308 1786 monem
338 1749 533 1787 urbanum
562 1763 608 1787 ac
638 1757 857 1798 venustum,
892 1764 954 1788 me
985 1749 1115 1788 dicere
1145 1751 1268 1787 solere
1298 1762 1382 1786 esse
1412 1762 1475 1785 me

90 1824 128 1855 25
150 1814 297 1860 Iovem,
317 1815 571 1864 eundemque
591 1814 768 1853 dictitare
791 1815 1010 1853 Minervam
1032 1828 1118 1852 esse
1138 1827 1309 1852 sororem
1332 1827 1472 1851 meam.

149 1879 245 1917 Non
272 1886 352 1917 tam
383 1879 556 1918 insolens
587 1893 684 1926 sum,
711 1882 820 1930 quod
848 1882 983 1918 Iovem
1014 1893 1099 1918 esse
1129 1892 1192 1917 me
1222 1879 1323 1926 dico,
1355 1892 1472 1928 quam

193 1995 211 2013 2
238 1983 307 2021 Ille,
330 1984 384 2014 ille
401 1984 494 2014 P2Bt
653 1994 671 2022 5
697 1984 852 2014 homines
870 1984 945 2015 add.
964 1984 1070 2014 ,Halm
1090 1984 1176 2023 (Cal.
1200 1985 1241 2021 iv,
1262 1987 1276 2021 ξ
1295 1985 1356 2021 ῐ4”.
1381 1984 1474 2013 Num

149 2028 296 2057 omnium
315 2028 466 2057 ordinum
486 2032 585 2066 atque
604 2033 749 2058 aetatum
769 2028 945 2058 homines?
967 2032 1002 2066 ἐξ
1022 2038 1074 2066 50,
1097 2037 1135 2066 75
1269 2028 1288 2056 8
1312 2032 1473 2056 venerant

149 2070 388 2110 Ernesti‚s›r0b.
406 2070 555 2101 Zielinsk.
569 2082 576 2101 :
593 2078 760 2101 venerunt
771 2071 859 2103 codd.
935 2083 955 2110 9
975 2083 991 2102 e
1008 2082 1043 2102 re
1059 2071 1134 2110 pub.
1149 2070 1261 2102 Madv.
1356 2080 1392 2099 12
1415 2080 1473 2108 pu-

148 2114 235 2144 blico
256 2113 366 2144 Garat.
388 2113 473 2147 (Pis.
493 2125 515 2145 c.
535 2125 587 2153 31,
610 2114 693 2145 Sesl.
722 2126 744 2146 c.
768 2116 824 2153 311
843 2127 849 2145 z
867 2116 981 2155 populi
1001 2114 1091 2145 codd.
1234 2125 1270 2152 13
1296 2114 1346 2143 vis
1370 2114 1401 2142 in
1421 2113 1468 2143 Ti.

149 2158 300 2187 Graccho
326 2157 438 2190 Muell.
465 2158 528 2197 (Ti.
560 2159 747 2189 Gracchum
773 2159 903 2196 Baz‘l.):
934 2159 984 2188 vis
1010 2159 1069 2188 inti
1093 2158 1160 2188 Pl:
1193 2158 1243 2188 vis
1269 2158 1383 2187 intima
1407 2156 1471 2185 rell.

155 2202 287 2239 (intima
311 2212 377 2232 om.
406 2201 527 2241 GMe):
558 2203 608 2231 vis
633 2203 747 2232 ultima
772 2202 930 2233 Mamm:
960 2202 1121 2232 violentia
1148 2201 1327 2232 Momms.:
1363 2201 1413 2230 vis
1440 2200 1471 2229 in

148 2245 227 2274 civis
250 2245 379 2275 Halm:
403 2246 453 2274 vis
476 2245 506 2275 in
530 2245 661 2275 tribuno
680 2246 789 2283 plebis
809 2246 906 2285 Jeep:
932 2245 1036 2276 virtus
1060 2246 1092 2275 in
1112 2246 1160 2276 Ti.
1184 2245 1338 2276 Graccho
1358 2242 1471 2272 Madv.

152 2298 188 2326 15
214 2287 346 2327 publica
366 2288 423 2320 del.
443 2288 560 2327 Halm,
579 2287 667 2318 Bait.
792 2299 826 2318 re
850 2295 945 2327 gesta
964 2294 1001 2319 ut
1018 2289 1124 2319 Halm
1151 2290 1195 2318 ita
1211 2289 1232 2318 k
1356 2297 1394 2325 19
1420 2297 1472 2315 res

149 2331 224 2370 pub.
244 2332 392 2361 venisset
409 2331 533 2361 Ichm:
559 2342 613 2362 res
632 2332 843 2370 pervenisset
862 2332 949 2363 codd.
1085 2343 1120 2362 21
1149 2333 1259 2362 odium
1275 2331 1409 2361 tenebat
1423 2329 1470 2359 cd.

148 2373 295 2414 Hervag.
313 2386 319 2404 :
343 2375 502 2404 odiumne
528 2376 654 2409 (odium
674 2376 730 2405 nel
750 2376 885 2405 tenebat
907 2375 993 2406 codd.
1011 2379 1139 2414 praster
1158 2374 1321 2404 HGMbke
1345 2374 1468 2411 (odium

150 2418 325 2448 retinebat*
351 2430 357 2447 :
386 2418 453 2448 ‘die
471 2417 621 2458 Heilung
637 2420 678 2448 ist
695 2419 772 2448 noch
790 2430 833 2448 :n
843 2419 958 2457 fimdrn
972 2420 978 2426 '
1000 2418 1154 2448 Zu‘linski

1495 160 1537 192 90

1497 696 1546 733 34

1495 757 1530 787 9¹

1494 1379 1532 1408 92
