1774 2782
141 537 158 569 5

122 864 160 886 10

121 1511 161 1533 20

513 149 622 187 PRO
655 150 695 187 P.
727 148 919 187 SESTIO
950 148 1166 187 ORATIO
1447 157 1502 183 20
1522 153 1564 196 46

180 272 260 298 non
298 260 568 306 defenderent,
605 258 670 296 alii
709 267 837 297 vetere
876 258 971 297 odio
1006 259 1201 297 bonorum
1236 257 1502 304 incitarentur,

178 325 241 363 alii
264 325 494 372 inviderent,
516 324 580 363 alii
608 325 763 363 obstare
791 324 864 363 sibi
891 338 954 363 me
974 324 1260 371 arbitrarentur,
1283 323 1347 361 alii
1370 323 1504 361 ulcisci

178 391 356 429 dolorem
391 390 562 440 aliquem
593 403 708 428 suum
743 391 897 436 vellent,
931 390 995 428 alii
1026 404 1106 428 rem
1144 391 1266 439 ipsam
1304 388 1503 439 publicam

177 463 296 505 atque
336 457 442 493 hunc
485 455 683 493 bonorum
724 463 868 493 statum
912 454 1117 504 otiumque
1161 454 1335 491 odissent
1375 461 1413 491 et
1452 454 1505 491 ob

177 521 296 558 hasce
335 533 473 558 causas
512 528 569 557 tot
609 527 770 569 tamque
809 519 932 557 varias
968 533 1030 557 me
1069 532 1191 556 unum
1232 519 1502 568 deposcerent,

178 585 445 634 depugnarem
467 584 597 634 potius
618 598 709 622 cum
731 598 886 622 summo
909 598 988 622 non
1010 584 1138 622 dicam
1161 583 1292 630 exitio,
1315 584 1383 621 sed
1406 583 1504 632 peri-

179 651 268 687 culo
295 658 400 687 certe
430 657 558 686 vestro
585 648 876 698 liberorumque
908 657 1136 695 vestrorum,
1169 661 1287 697 quam
1320 647 1360 685 id
1393 649 1502 696 quod

180 714 366 752 omnibus
407 714 664 764 impendebat
703 728 804 752 unus
844 727 914 764 pro
953 714 1139 752 omnibus
1180 713 1417 763 susciperem
1457 726 1503 750 ac

179 779 348 818 subirem
362 781 379 818 ?

236 844 360 882 ‘Victi
381 852 510 883 essent
529 844 720 894 improbi.’
778 847 829 883 At
848 844 962 891 cives,
981 852 1019 883 at
1034 845 1085 883 ab
1102 857 1150 883 eo
1166 843 1316 894 privato
1332 843 1398 893 qui
1420 843 1503 881 sine
1523 819 1566 909 571

178 909 294 947 armis
325 909 442 947 etiam
473 911 612 947 consul
642 922 723 948 rem
758 909 956 959 publicam
989 916 1244 948 conservarat.
1315 909 1383 946 Sin
1412 909 1503 945 victi

178 982 308 1012 essent
330 973 435 1021 boni,
454 973 521 1023 qui
542 976 820 1024 superessent?
878 976 1023 1012 Nonne
1043 975 1094 1012 ad
1116 987 1246 1012 servos
1263 973 1402 1011 videtis
1423 986 1505 1010 rem

178 1047 381 1076 venturam
403 1037 550 1077 fuisse?
606 1040 670 1076 An
691 1038 786 1076 mihi
809 1038 892 1088 ipsi,
908 1046 951 1076 ut
967 1038 1127 1088 quidam
1147 1045 1295 1088 putant,
1315 1036 1385 1075 fuit
1402 1050 1506 1075 mors

177 1116 305 1152 aequo
320 1102 454 1140 animo
471 1104 719 1152 oppetenda?
760 1103 892 1151 Quid?
927 1105 1031 1141 Tum
1049 1110 1268 1142 mortemne
1285 1102 1507 1151 fugiebam?

178 1170 242 1205 An
263 1176 343 1206 erat
364 1181 424 1206 res
445 1169 523 1205 ulla
543 1181 662 1217 quam
680 1167 775 1205 mihi
793 1169 914 1218 magis
931 1169 1145 1218 optandam
1168 1169 1378 1218 putarem?
1426 1169 1506 1205 Aut

178 1246 250 1283 ego
278 1234 361 1271 illas
388 1246 448 1271 res
472 1240 599 1271 tantas
629 1232 669 1270 in
699 1240 806 1271 tanta
836 1233 1103 1283 improborum
1134 1232 1385 1271 multitudine
1415 1246 1504 1270 cum

177 1298 374 1348 gerebam,
398 1312 480 1335 non
507 1298 603 1336 mihi
631 1312 747 1345 mors,
771 1312 851 1337 non
879 1299 1056 1337 exsilium
1087 1298 1139 1336 ob
1166 1299 1303 1335 oculos
1330 1296 1507 1336 versaba-

178 1365 268 1402 tur?
326 1366 419 1402 Non
440 1366 538 1402 haec
558 1365 732 1414 denique
751 1378 774 1402 a
794 1377 857 1403 me
878 1373 961 1402 tum
982 1372 1182 1414 tamquam
1206 1365 1282 1401 fata
1303 1363 1342 1400 in
1363 1363 1446 1412 ipsa
1466 1375 1506 1400 re

179 1431 349 1479 gerenda
371 1430 643 1468 canebantur?
699 1432 763 1468 An
781 1438 860 1468 erat
881 1429 976 1467 mihi
999 1429 1038 1467 in
1054 1438 1164 1468 tanto
1185 1430 1292 1467 luctu
1315 1441 1503 1475 meorum,

180 1501 288 1532 tanta
308 1494 563 1542 diiunctione,
581 1502 689 1533 tanta
708 1494 931 1541 acerbitate,
950 1503 1057 1533 tanta
1074 1493 1307 1544 spoliatione
1328 1492 1504 1531 omnium

179 1572 308 1598 rerum
334 1572 431 1610 quas
460 1559 554 1597 mihi
580 1568 645 1598 aut
670 1568 808 1598 natura
836 1567 902 1598 aut
932 1561 1088 1597 fortuna
1116 1560 1289 1605 dederat,
1312 1559 1390 1596 vita
1419 1559 1507 1595 reti-

178 1626 339 1663 nenda?
394 1627 494 1663 Tam
519 1637 624 1663 eram
653 1626 770 1672 rudis,
800 1633 880 1663 tam
910 1624 1065 1675 ignarus
1094 1638 1233 1671 rerum,
1261 1632 1340 1662 tam
1370 1636 1506 1673 expers

179 1689 318 1728 consili
351 1697 417 1727 aut
452 1689 614 1739 ingeni?
671 1689 780 1727 Nihil
809 1689 1022 1736 audieram,
1056 1689 1151 1727 nihil
1191 1689 1374 1734 videram,
1410 1687 1506 1725 nihil

180 1757 263 1806 ipse
283 1756 453 1805 legendo
474 1756 784 1805 quaerendoque
804 1768 1065 1804 cognoveram
1082 1757 1098 1793 ?
1146 1753 1384 1793 Nesciebam
1406 1752 1506 1791 vitae

181 1822 340 1859 brevem
362 1833 448 1858 esse
465 1834 633 1868 cursum,
652 1820 796 1870 gloriae
813 1820 1094 1870 sempiternum
1109 1822 1125 1858 Ρ
1154 1833 1244 1858 cum
1263 1825 1365 1857 esset
1380 1817 1506 1856 omni-

180 1886 254 1924 bus
281 1885 444 1924 definita
474 1899 589 1933 mom,
616 1886 837 1936 optandum
864 1899 950 1924 esse
976 1894 1018 1924 ut
1042 1887 1130 1932 vita,
1154 1897 1255 1934 quae
1282 1883 1504 1922 necessitati

226 1999 238 2020 1
266 1989 320 2019 alii
340 2013 346 2019 .
369 2012 376 2019 .
397 2013 403 2019 .
423 1989 643 2019 incitarentur
674 1988 731 2019 del.
766 1989 878 2019 Paul:
914 1988 1163 2019 insectarentur
1192 1992 1254 2026 pro
1285 1987 1506 2017 incitarentur

180 2033 318 2063 Probst:
345 2032 375 2061 in
391 2042 443 2061 me
457 2033 546 2064 incit.
563 2033 669 2063 Herlz
729 2043 747 2062 2
774 2033 925 2062 invidere
944 2032 1076 2061 Probst:
1104 2030 1182 2061 mihi
1197 2030 1389 2060 inviderent
1404 2029 1506 2060 Heine

181 2087 200 2115 5
226 2086 327 2106 unum
345 2086 464 2106 omnes
483 2076 571 2106 Koclz
589 2088 595 2106 :
621 2086 721 2106 unum
740 2076 848 2106 cuncti
867 2076 971 2105 Hertz
1120 2085 1136 2113 7
1162 2083 1259 2113 quam
1280 2084 1346 2102 non
1367 2074 1396 2102 id
1414 2073 1503 2104 codd.

186 2131 224 2150 10
248 2119 292 2149 At
309 2119 399 2149 cives
421 2119 507 2150 codd.
527 2131 532 2149 :
557 2125 590 2149 at
611 2120 684 2149 acie
704 2119 814 2149 Paul:
842 2124 875 2149 at
896 2120 925 2148 vi
949 2119 1047 2149 Bake.
1094 2118 1177 2148 Post
1198 2121 1232 2147 at
1257 2117 1348 2146 cives
1371 2116 1446 2148 add.
1473 2123 1506 2147 at

182 2164 283 2194 armis
307 2162 457 2192 Heracus
547 2163 587 2193 ab
607 2173 648 2192 eo
672 2162 800 2201 privato
822 2161 909 2192 codd.
928 2173 934 2192 z
961 2167 1089 2192 armato
1112 2160 1188 2192 add.
1213 2161 1270 2190 ‘ex
1289 2161 1409 2200 optimo
1429 2160 1507 2189 libro

184 2207 361 2236 manuscr)
381 2210 455 2235 ante
472 2206 602 2245 privato
620 2205 753 2243 Lamb„
772 2209 847 2245 post
862 2206 993 2244 privato
1017 2204 1203 2244 lVesenbctg
1356 2214 1393 2233 12
1418 2203 1504 2243 rem]

184 2261 240 2281 rea
257 2249 298 2279 P¹
317 2259 394 2280 corr.
414 2260 496 2289 rem,
522 2253 551 2280 el
571 2250 615 2279 ila
639 2250 690 2279 B:
716 2259 784 2279 rem
806 2248 973 2288 publicam
996 2248 1056 2278 Gh²
1072 2252 1101 2278 et
1117 2248 1266 2278 recentior
1283 2258 1407 2276 numus
1427 2248 1459 2276 in
1478 2246 1508 2275 F

186 2295 217 2333 (ξ
232 2295 269 2323 61
287 2304 295 2331 3
319 2291 411 2323 Balb.
432 2295 495 2332 §5›
648 2302 684 2330 14
710 2292 798 2330 Quid
817 2293 907 2322 tum?
932 2292 1031 2322 Rau:
1056 2291 1112 2322 sed
1126 2292 1162 2331 2st
1179 2297 1248 2321 tum
1267 2293 1287 2322 l.
1310 2291 1359 2326 18,
1378 2293 1406 2319 et
1422 2289 1506 2320 Phil.

184 2338 218 2373 ii,
233 2339 248 2373 ξ
261 2346 324 2374 2ο;
343 2334 381 2365 de
396 2336 474 2376 imp.
494 2337 553 2368 Cn.
569 2336 686 2376 Pomp.
705 2338 795 2374 §53;
818 2335 906 2366 Verr.
925 2335 957 2370 ii,
975 2337 989 2371 ξ
1005 2346 1040 2365 21
1138 2345 1174 2373 17
1200 2335 1335 2364 exitium
1354 2333 1503 2367 Hotom„

184 2379 295 2411 Madv.
431 2390 472 2410 20
496 2380 633 2410 diiunct.
654 2378 717 2410 10¹:
744 2380 902 2409 disiunct.
922 2378 966 2407 P²
983 2379 1046 2409 rell.
1069 2379 1099 2419 (ξ
1118 2380 1191 2417 141)
1314 2387 1353 2407 22
1379 2377 1507 2406 Tamne

184 2423 290 2454 Halm
309 2424 357 2463 (iu
375 2423 407 2452 Ρ
419 2427 489 2454 era!
501 2429 551 2463 pr.
571 2429 696 2461 tamen,
717 2427 765 2452 [εν
780 2423 963 2462 repctt'lum)
