1774 2782
161 162 374 201 ORATIO
398 162 531 199 POST
554 160 819 197 REDITVM
844 160 903 197 IN
926 160 1147 197 SENATV
1171 160 1387 196 HABITA
1462 166 1484 204 7
1510 171 1545 205 ¹7

158 273 309 313 senatui
344 273 584 321 paruerunt?
639 273 703 309 Tu
733 284 773 310 es
803 284 921 309 ausus
954 270 991 308 in
1028 270 1132 309 circo
1169 270 1363 308 Flaminio
1397 284 1485 320 pro-

158 340 300 376 ductus
332 350 421 375 cum
458 345 525 374 tuo
561 336 627 374 illo
659 336 740 386 pari
776 336 906 374 dicere
939 344 976 374 te
1008 349 1162 385 semper
1192 335 1483 374 misericordem

157 403 303 441 fuisse?
351 415 430 451 quo
458 402 577 439 verbo
605 410 786 439 senatum
813 409 932 451 atque
959 401 1088 439 omnis
1117 402 1252 447 bonos,
1283 409 1365 438 tum
1394 414 1483 438 cum

155 482 178 506 a
208 467 330 518 patria
360 475 510 517 pestem
541 468 795 516 depellerent,
825 467 993 505 crudelis
1022 467 1322 506 demonstrabas
1352 466 1480 504 fuisse.

119 535 218 577 5Tu
259 531 476 570 misericors
517 545 589 578 me,
631 532 805 570 adfinem
845 540 969 577 tuum,
1010 545 1128 581 quem
1169 531 1338 569 comitiis
1378 544 1479 580 prae—

155 597 350 647 rogativae
385 597 554 647 primum
593 597 801 634 custodem
840 598 1092 646 praefeceras,
1130 609 1247 645 quern
1290 597 1482 633 Kalendis

158 662 346 700 Ianuariis
364 661 477 699 tertio
494 663 582 699 loco
599 661 834 699 sententiam
852 675 1016 711 rogaras,
1035 660 1291 699 constrictum
1316 659 1482 697 inimicis

156 727 207 765 rei
223 727 404 777 publicae
419 726 634 773 tradidisti3
655 734 695 764 tu
710 740 843 764 meum
858 739 1057 776 generum,
1074 725 1340 776 propinquum
1357 732 1479 771 tuum,

155 801 196 831 tu
216 794 389 831 adfinem
406 800 525 838 tuam,
544 792 663 829 filiam
681 805 821 838 meam,
841 791 1129 842 superbissimis
1147 798 1185 829 et
1202 789 1481 828 crudelissimis

97 872 135 895 10
154 858 281 896 verbis
310 872 333 896 a
361 858 527 908 genibus
554 858 629 896 tuis
660 857 888 907 reppulisti3
917 859 1103 907 idemque
1130 864 1172 895 tu
1200 855 1410 895 clementia
1436 869 1481 893 ac

155 923 418 961 misericordia
442 923 639 973 singulari,
661 937 751 961 cum
777 937 850 972 ego
870 937 949 961 una
969 937 1059 961 cum
1081 936 1120 961 re
1141 921 1300 973 publiea
1321 934 1401 959 non
1422 921 1482 958 tri-

154 988 313 1026 bunicio
327 989 396 1026 sed
410 988 604 1026 consulari
619 988 699 1026 ictu
716 988 990 1035 concidissem‚
1007 996 1117 1026 tanto
1131 989 1277 1026 scelere
1294 994 1481 1035 tantaque

153 1053 452 1103 intemperantia
481 1053 586 1091 suisti
616 1061 658 1092 ut
689 1067 738 1091 ne
773 1067 892 1091 unam
925 1053 1086 1103 quidem
1122 1054 1259 1091 horam
1294 1052 1480 1090 interesse

152 1126 325 1168 paterere
346 1118 445 1156 inter
466 1132 594 1156 meam
622 1126 773 1168 pestem
801 1126 840 1156 et
867 1126 974 1156 tuam
1003 1119 1199 1168 praedam,
1224 1119 1361 1155 saltem
1383 1118 1478 1155 dum

95 1199 129 1231 15
152 1182 422 1220 conticisceret
458 1183 522 1220 illa
555 1182 785 1221 lamentatio
820 1190 858 1221 et
891 1182 1058 1233 gemitus
1093 1182 1226 1221 urbis!
1287 1182 1478 1219 Nondum
1503 1187 1538 1216 18

151 1249 278 1296 palam
301 1249 447 1285 factum
468 1255 549 1285 erat
570 1247 763 1286 occidisse
785 1262 865 1286 rem
888 1249 1098 1298 publicam,
1121 1262 1212 1286 cum
1230 1247 1299 1285 tibi
1321 1247 1479 1285 arbitria

151 1311 295 1350 funeris
326 1312 602 1350 solvebantur:
642 1326 722 1350 uno
752 1314 975 1362 eodemque
1008 1321 1184 1362 tempore
1216 1314 1359 1351 domus
1391 1326 1478 1350 mea

149 1376 417 1426 diripiebatur,
437 1377 611 1424 ardebat,
632 1377 737 1414 bona
757 1379 809 1416 ad
824 1377 997 1416 vicinum
1019 1379 1223 1416 consulem
1242 1379 1292 1416 de
1314 1377 1474 1423 Palatio,

149 1442 199 1479 de
229 1443 456 1479 Tusculano
486 1442 536 1480 ad
572 1441 665 1480 item
696 1441 869 1480 vicinum
903 1444 1069 1480 alterum
1098 1444 1303 1481 consulem
1333 1443 1478 1480 defere-

90 1521 131 1543 20
150 1506 291 1544 bantur
311 1519 412 1551 cum,
437 1506 562 1544 isdem
584 1506 712 1556 operis
740 1507 964 1557 suffragium
990 1507 1215 1554 serentibus,
1239 1508 1381 1545 eodem
1402 1509 1477 1556 gla-

149 1572 298 1609 diatore
320 1572 452 1618 latore,
476 1585 600 1609 vacuo
622 1585 702 1609 non
732 1574 852 1611 modo
882 1586 904 1610 a
932 1572 1045 1610 bonis
1067 1574 1137 1611 sed
1158 1572 1276 1610 etiam
1303 1586 1325 1610 a
1346 1572 1475 1611 liberis

147 1645 265 1686 atque
300 1636 405 1673 inani
445 1638 539 1683 foro,
577 1636 711 1686 ignaro
750 1639 899 1687 populo
934 1640 1119 1676 Romano
1156 1638 1252 1688 quid
1286 1646 1471 1687 ageretur,

148 1710 285 1739 senatu
306 1716 398 1740 vero
423 1716 611 1752 oppresso
639 1711 677 1740 et
704 1703 877 1748 adflicto,
898 1704 1055 1741 duobus
1083 1703 1211 1753 impiis
1239 1703 1474 1753 nefariisque

147 1767 375 1805 consulibus
389 1767 578 1805 aerarium
594 1767 818 1817 provinciae
833 1768 1005 1818 legiones
1023 1768 1185 1818 imperia
1199 1769 1460 1806 donabantur.

89 1849 126 1879 25
203 1833 358 1869 Horum
373 1833 578 1870 consulum
594 1832 722 1870 ruinas
736 1846 804 1871 vos
818 1834 999 1871 consules
1012 1841 1137 1871 vestra
1149 1832 1288 1871 virtute
1303 1832 1470 1879 fulsistis,
1496 1838 1518 1873 8

147 1909 300 1934 summa
329 1898 574 1935 tribunorum
605 1897 730 1946 plebis
762 1905 1065 1947 praetorumque
1096 1899 1173 1936 fide
1206 1905 1244 1936 et
1274 1897 1473 1947 diligentia

146 1962 346 1999 sublevati.
408 1962 516 2010 Quid
551 1975 624 2011 ego
659 1964 709 2001 de
744 1962 1079 2013 praestantissimo
1113 1963 1205 2009 viro,
1243 1965 1289 2001 T.
1327 1965 1470 2010 Annio,
1499 1979 1532 2010 19

145 2026 285 2074 dicam,
308 2035 374 2065 aut
395 2027 481 2076 quis
509 2029 558 2065 de
586 2028 651 2065 tali
673 2027 756 2066 cive
784 2029 874 2066 satis
903 2028 1020 2078 digne
1047 2042 1235 2077 umquam
1264 2029 1473 2077 loquetur?

147 2092 225 2139 Qui
253 2105 342 2129 cum
364 2092 511 2130 videret
539 2094 770 2131 sceleratum
800 2093 925 2131 civem
955 2100 1022 2130 aut
1050 2094 1311 2131 domesticum
1343 2093 1472 2143 potius

87 2171 125 2201 30
145 2157 310 2203 hostem,
337 2157 367 2195 si
395 2157 545 2206 legibus
572 2159 627 2195 uti
656 2158 797 2204 liceret,
825 2158 971 2196 iudicio
1001 2172 1085 2196 esse
1116 2160 1385 2208 frangendum,
1412 2161 1472 2197 sin

144 2221 227 2270 ipsa
248 2221 390 2259 iudicia
411 2223 467 2260 vis
494 2222 701 2272 impediret
719 2236 765 2261 ac
787 2224 949 2270 tolleret,
971 2223 1178 2261 audaciam
1199 2223 1350 2271 virtute,
1373 2226 1472 2262 furo-

187 2336 206 2355 2
231 2336 311 2365 pare
328 2326 361 2355 P
402 2336 540 2366 semper
551 2338 615 2358 om.
634 2327 742 2358 Schol.
833 2339 853 2366 4
871 2329 1100 2369 depellerent]
1117 2330 1388 2368 expellerented.
1404 2331 1445 2360 R.
1461 2341 1470 2360 :

143 2369 345 2407 depulissem
357 2380 406 2400 ee:
426 2370 636 2409 depulissent
650 2374 662 2400 t
676 2370 792 2402 Lamb.
811 2383 818 2401 :
837 2376 906 2401 tum
918 2395 925 2402 .
943 2397 950 2402 .
963 2395 971 2403 .
988 2372 1199 2412 depellerent
1210 2384 1277 2404 0111,
1295 2373 1468 2412 rell.,fort.

145 2415 230 2442 recle.
261 2411 353 2442 Nam
378 2413 474 2443 habet
498 2413 603 2444 Sclzol.
635 2414 709 2452 Quo
734 2415 837 2444 verbo
866 2420 1000 2446 ceteros
1029 2416 1290 2446 demonstrabas
1316 2417 1471 2447 crudeles

148 2456 250 2485 fuisse
369 2467 389 2494 5
413 2458 478 2488 tuis
489 2461 566 2497 post
581 2458 723 2488 comitiis
741 2458 816 2489 add.
836 2470 862 2496 ε,
881 2462 957 2489 aule
974 2469 1056 2490 com.
1079 2460 1107 2489 G
1225 2470 1244 2498 7
1266 2470 1403 2497 rogaras
1419 2470 1471 2490 rc:

150 2500 290 2536 rogabas
310 2500 418 2530 I'rell.
540 2502 561 2530 8
586 2502 632 2530 rei
652 2502 726 2540 pub.
747 2513 811 2532 (1111.
830 2501 933 2534 Sclml.
