1774 2782
229 159 244 185 1

226 819 243 848 Β)

221 1633 240 1664 4

268 163 281 183 2
634 147 688 183 M.
720 145 888 183 TVLLI
920 145 1226 184 CICERONIS

267 271 446 296 mensum
477 257 666 306 quiddam
697 263 735 294 et
767 255 963 293 infinitum
993 262 1051 292 est
1081 256 1188 304 quod
1220 253 1331 291 vobis
1361 253 1587 299 debeamus,

266 322 332 372 qui
353 329 479 359 vestro
507 321 690 370 singulari
717 321 848 358 studio
875 328 993 369 atque
1020 333 1217 357 consensu
1245 326 1450 368 parentum
1477 318 1592 357 bene-

267 386 362 432 ficia,
382 387 544 423 deorum
566 384 845 423 immortalium
868 398 1040 430 munera,
1058 383 1192 433 populi
1216 382 1388 421 Romani
1409 384 1589 430 honores,

266 458 390 489 vestra
406 451 455 488 de
478 464 539 488 me
562 452 683 487 multa
705 449 847 488 iudicia
869 449 982 487 nobis
1011 463 1091 486 uno
1116 457 1293 499 tempore
1313 448 1446 486 omnia
1467 448 1591 486 reddi-

267 515 386 561 distis,
420 522 471 561 ut,
505 528 595 552 cum
624 516 745 551 multa
766 514 887 560 vobis,
913 527 1054 563 magna
1083 515 1232 564 populo
1264 515 1459 559 Romano,
1483 512 1590 550 innu-

270 580 469 618 merabilia
507 579 745 630 parentibus,
783 579 915 616 omnia
950 579 1009 617 dis
1045 578 1330 617 immortalibus
1361 578 1586 624 debeamus,

269 647 364 683 haec
391 652 505 682 antea
533 644 684 694 singula
706 658 773 694 per
794 643 880 682 illos
901 644 1164 690 habuerimus,
1186 657 1290 681 nunc
1318 642 1496 681 universa
1524 657 1591 692 per

267 724 335 748 vos
357 709 659 760 reciperarimus.

322 777 471 824 Itaque,
496 782 622 824 patres
643 773 864 824 conscripti,
890 775 997 824 quod
1026 788 1074 812 ne
1103 775 1321 824 optandum
1343 774 1503 824 quidem
1533 780 1589 812 est

266 839 426 886 homini,
451 838 783 877 immortalitatem
807 840 1007 888 quandam
1037 853 1104 889 per
1125 853 1192 877 vos
1222 853 1306 877 esse
1334 839 1466 889 adepti
1487 838 1589 877 vide-

266 919 360 942 mur.
422 905 541 952 Quod
569 904 674 941 enim
704 912 859 954 tempus
887 904 957 942 erit
985 918 1173 954 umquam
1202 918 1291 942 cum
1314 912 1528 942 vestrorum
1552 903 1589 941 in

265 984 336 1008 nos
359 969 640 1008 beneficiorum
664 969 851 1007 memoria
872 983 917 1007 ac
940 971 1042 1007 fama
1064 969 1278 1007 moriatur?
1319 969 1397 1018 Qui
1420 969 1484 1007 illo
1507 970 1591 1019 ipso

265 1042 440 1084 tempore
470 1047 558 1071 cum
588 1033 623 1071 vi
655 1035 754 1072 ferro
785 1042 891 1072 metu
923 1034 1037 1071 minis
1066 1033 1215 1072 obsessi
1245 1033 1485 1080 teneremini,
1510 1048 1589 1072 non

264 1101 387 1137 multo
419 1106 506 1149 post
537 1098 752 1136 discessum
783 1113 913 1137 meum
938 1113 998 1136 me
1027 1098 1194 1136 universi
1226 1098 1473 1136 revocavistis
1498 1100 1591 1136 refe-

263 1171 371 1202 rente
399 1166 442 1201 L.
467 1163 628 1210 Ninnio,
650 1164 862 1202 fortissimo
888 1172 1007 1213 atque
1028 1163 1179 1213 optimo
1200 1163 1292 1209 viro,
1312 1177 1430 1213 quem
1451 1163 1588 1202 habuit

262 1229 326 1267 ille
347 1228 504 1279 pestifer
523 1242 649 1266 annus
670 1236 708 1267 et
729 1229 898 1267 maxime
919 1230 1078 1266 fidelem
1097 1235 1137 1267 et:
1157 1228 1319 1267 minime
1344 1227 1537 1275 timidum,
1556 1227 1588 1266 si

262 1293 449 1332 dimicare
470 1293 694 1343 placuisset,
715 1295 963 1332 defensorem
985 1292 1121 1332 salutis
1145 1307 1280 1332 meae:
1310 1301 1447 1344 postea
1466 1307 1586 1343 quam

263 1359 374 1397 vobis
390 1358 627 1397 decernendi
646 1366 818 1408 potestas
833 1373 912 1397 non
927 1366 984 1396 est
999 1358 1187 1408 permissa
1200 1373 1268 1409 per
1280 1372 1370 1397 eum
1385 1358 1585 1396 tribunum

262 1424 387 1474 plebis
403 1423 482 1473 qui,
500 1437 589 1461 cum
612 1437 679 1473 per
696 1437 737 1462 se
754 1437 834 1461 rem
856 1424 1055 1473 publicam
1072 1424 1240 1462 lacerare
1256 1438 1335 1462 nou
1352 1431 1492 1474 posset,
1512 1424 1585 1462 sub

261 1489 390 1527 alieno
411 1490 555 1527 scelere
577 1488 742 1536 delituit,
767 1502 984 1539 numquam
1012 1491 1063 1528 de
1091 1503 1155 1528 me
1181 1489 1350 1537 siluistis,
1369 1503 1585 1539 numquam

263 1568 389 1592 meam
417 1555 582 1592 salutem
610 1568 691 1591 non
717 1554 768 1592 ab
797 1554 841 1592 iis
869 1554 1100 1593 consulibus
1120 1554 1188 1605 qui
1208 1554 1465 1593 vendiderant
1486 1554 1588 1604 flagi-

262 1618 418 1656 tavistis.
482 1621 621 1668 Itaque
647 1627 773 1657 vestro
801 1619 933 1658 studio
962 1627 1084 1669 atque
1109 1620 1342 1659 auctoritate
1371 1620 1587 1670 perfectum

261 1691 318 1722 est
340 1692 381 1722 ut
402 1685 484 1734 ipse
506 1684 568 1723 ille
582 1699 720 1731 annus,
740 1698 857 1734 quem
876 1698 949 1735 ego
963 1685 1058 1723 mihi
1076 1699 1194 1735 quam
1212 1685 1358 1736 patriae
1375 1686 1588 1724 malueram

261 1763 346 1788 esse
367 1751 534 1797 fatalem,
559 1758 649 1788 octo
671 1750 847 1789 tribunos
877 1752 1038 1790 haberet
1065 1751 1133 1801 qui
1161 1759 1199 1790 et
1225 1752 1517 1801 promulgarent
1536 1752 1588 1790 de

260 1816 384 1853 salute
406 1829 492 1853 mea
506 1823 543 1853 et
564 1817 613 1853 ad
632 1830 701 1855 vos
721 1829 838 1866 saepe
856 1830 1023 1856 numero
1040 1818 1238 1855 referrent.
1282 1818 1386 1855 Nam
1404 1818 1587 1855 consules

261 1880 428 1919 modesti
465 1882 674 1930 legumque
710 1890 929 1920 metuentes
959 1882 1276 1932 impediebantur
1305 1883 1402 1932 lege,
1431 1895 1513 1920 non
1542 1895 1589 1920 ea

261 1960 361 1996 quae
390 1947 440 1984 de
472 1960 543 1993 me,
578 1948 646 1984 sed
678 1961 723 1985 ea
753 1961 853 1997 quae
884 1949 933 1986 de
969 1948 1062 1998 ipsis
1098 1949 1174 1986 lata
1206 1954 1299 1995 erat,
1326 1960 1448 1997 quam
1479 1960 1588 1984 meus

262 2010 442 2049 inimicus
472 2012 731 2062 promulgavit
762 2021 817 2060 ut,
848 2013 878 2051 si
914 2013 1143 2052 revixissent
1178 2013 1202 2050 ii
1235 2012 1302 2062 qui
1337 2014 1434 2051 haec
1463 2026 1589 2063 paene

261 2077 449 2123 delerunt‚
475 2084 557 2114 tum
587 2091 659 2127 ego
685 2078 877 2125 redirem3
908 2093 987 2129 quo
1017 2081 1120 2117 facto
1148 2086 1357 2127 utrumque
1385 2078 1587 2116 confessus

260 2148 330 2188 est,
361 2148 397 2179 et
429 2156 469 2180 se
501 2142 654 2181 illorum
687 2143 804 2182 vitam
836 2144 1068 2191 desiderare,
1102 2152 1140 2182 et
1171 2157 1313 2193 magno
1346 2143 1385 2181 in
1415 2143 1588 2193 periculo
1610 2158 1621 2172 τ

305 2256 317 2276 1
347 2246 507 2277 debemus
526 2246 557 2276 b²
576 2247 694 2278 Lamb.
828 2259 839 2278 1
852 2260 862 2279 1
890 2249 982 2289 cum]
995 2259 1060 2289 quo
1075 2249 1188 2279 kucs
1299 2248 1337 2277 18
1362 2258 1427 2278 non
1446 2251 1496 2277 est
1514 2257 1587 2287 per-

259 2290 362 2320 missa
390 2293 427 2319 ut
450 2289 614 2330 Angelius
638 2291 683 2321 ita
709 2291 801 2321 Hffbk
823 2295 853 2322 ct
876 2293 910 2322 in
936 2292 969 2321 P
989 2303 1015 2322 s.
1032 2293 1051 2323 l.
1082 2303 1208 2323 manus
1232 2291 1477 2322 recenlissima:
1503 2291 1590 2322 sacta

258 2344 326 2364 non
342 2338 393 2364 est
411 2346 425 2364 ε
560 2344 602 2364 20
625 2335 800 2366 delituite:
826 2335 931 2365 deluit
950 2334 1050 2366 FB:
1078 2336 1204 2366 delevit
1225 2334 1337 2365 1¹³²th
1353 2346 1362 2366 ε
1382 2335 1482 2366 diruit
1498 2333 1590 2364 Hffls

259 2387 299 2414 23
324 2382 360 2408 ut
376 2389 390 2408 ε
408 2376 487 2408 Far.
508 2386 601 2416 7774,
618 2382 648 2409 et
661 2379 694 2408 in
710 2378 743 2409 P
757 2389 846 2409 man.
867 2390 923 2409 rec.
941 2391 946 2409 z
968 2389 1033 2410 om.
1052 2380 1114 2409 rell.
1222 2389 1262 2416 24
1280 2383 1355 2409 octo
1367 2390 1381 2409 ε
1398 2391 1404 2408 :
1430 2378 1492 2408 hoc
1504 2377 1586 2408 PB:

259 2421 322 2451 hos
341 2421 419 2452 Gtc:
437 2431 511 2452 cum
533 2421 592 2451 Hk
725 2432 763 2461 27
791 2432 889 2461 quam
912 2421 1030 2453 Lamb.
1049 2434 1055 2452 :
1081 2432 1155 2454 cum
1179 2421 1267 2453 codd.
1289 2421 1588 2462 (promulgavisset

260 2464 404 2507 Ernesti)

1615 856 1651 877 10

1612 1179 1648 1210 Ι5

1609 1506 1647 1526 20
