1774 2782
134 1163 151 1194 5

114 1487 152 1508 10

113 1809 149 1840 15

110 2129 150 2150 20

461 495 527 542 M.
570 494 783 542 TVLLI
827 495 1222 544 CICERONIS

375 645 448 691 IN
496 645 543 691 P.
584 644 961 692 VATINIVM
1002 646 1300 694 TESTEM

558 738 1135 787 INTERROGATIO

228 885 269 923 S1
288 891 438 922 tantum
456 885 586 931 modo,
606 883 748 930 Vatini,
766 883 862 933 quid
876 883 1086 934 indignitas
1100 888 1313 934 postularet
1328 895 1502 937 spectare
1522 875 1538 901 ¹

174 947 395 996 voluissem,
420 948 599 987 fecissem
621 947 661 987 id
683 949 791 998 quod
819 943 878 986 his
900 949 1154 987 vehementer
1175 952 1364 1000 placebat,
1389 961 1430 991 ut
1452 961 1500 1001 te,
1526 933 1538 954 Ι

173 1012 284 1051 cuius
323 1013 592 1052 testimonium
632 1021 790 1063 propter
828 1013 1113 1063 turpitudinem
1152 1015 1253 1055 vitae
1298 1018 1503 1068 sordisque

174 1079 412 1116 domesticas
440 1077 584 1115 nullius
613 1077 804 1115 momenti
831 1085 1042 1127 putaretur,
1073 1079 1212 1118 tacitus
1240 1080 1505 1129 dimitterem,

174 1156 292 1181 nemo
320 1145 423 1181 enim
453 1144 593 1181 horum
617 1150 684 1181 aut
712 1142 765 1181 ita
792 1151 830 1181 te
855 1145 1104 1182 refutandum
1130 1154 1171 1183 ut
1195 1160 1350 1196 gravem
1373 1149 1503 1187 adver-

173 1208 315 1245 sarium
337 1215 404 1245 aut
425 1207 478 1245 ita
505 1208 724 1257 rogandum
752 1215 794 1245 ut
822 1208 1043 1258 religiosum
1071 1217 1209 1248 testem
1231 1211 1499 1251 arbitrabatur.

172 1273 251 1311 Sed
286 1271 340 1310 fui
370 1274 490 1322 paulo
524 1280 615 1310 ante
647 1273 971 1322 intemperantior
1005 1275 1166 1313 fortasse
1200 1289 1319 1325 quam
1355 1277 1502 1324 debui3

172 1337 265 1376 odio
286 1337 391 1376 enim
413 1338 480 1384 tui,
504 1338 543 1376 in
564 1351 645 1387 quo
666 1338 738 1376 etsi
759 1338 888 1377 omnis
914 1347 1072 1389 propter
1096 1348 1207 1378 tuum
1230 1343 1269 1379 in
1291 1355 1353 1380 me
1375 1344 1501 1380 scelus

172 1415 354 1452 superare
383 1403 523 1448 debeo,
547 1409 680 1441 tamen
709 1403 760 1440 ab
788 1402 974 1441 omnibus
1005 1417 1130 1453 paene
1159 1405 1304 1451 vincor,
1329 1405 1384 1443 sic
1414 1420 1499 1444 sum

173 1466 354 1505 incitatus
376 1475 427 1513 ut,
447 1480 537 1505 cum
554 1474 592 1505 te
614 1480 694 1505 non
712 1468 842 1505 minus
860 1475 1157 1507 contemnerem
1174 1483 1292 1518 quam
1314 1471 1498 1516 odissem,

171 1540 303 1571 tamen
333 1541 513 1571 vexatum
546 1532 677 1583 potius
707 1546 826 1582 quam
857 1534 1088 1582 despectum
1119 1536 1260 1572 vellem
1291 1535 1497 1574 dimittere.

171 1599 262 1646 Qua
278 1611 316 1635 re
333 1611 382 1636 ne
398 1597 468 1636 tibi
490 1599 595 1636 hunc
617 1599 808 1636 honorem
829 1611 852 1636 a
872 1611 936 1636 me
957 1598 1090 1636 haberi
1108 1600 1205 1637 sorte
1227 1599 1375 1645 mirere,
1392 1602 1498 1649 quod
1523 1618 1536 1638 2

171 1664 403 1712 interrogem
435 1676 552 1712 quem
584 1676 703 1701 nemo
733 1675 957 1713 congressu,
984 1675 1103 1700 nemo
1132 1662 1253 1709 adim,
1277 1676 1396 1702 nemo
1425 1666 1499 1702 suf-

170 1727 301 1776 fragio,
333 1741 452 1765 nemo
481 1727 648 1773 civitate,
683 1740 803 1765 nemo
833 1729 920 1765 luce
951 1727 1114 1777 dignum
1145 1735 1265 1777 putet,
1299 1730 1405 1767 nulla
1435 1741 1497 1766 me

170 1804 286 1829 causa
302 1790 520 1841 impulisset
538 1791 610 1829 nisi
629 1800 670 1829 ut
685 1791 926 1830 ferocitatem
944 1791 1058 1829 istam
1075 1799 1182 1829 tuam
1197 1792 1497 1842 comprimerem

170 1864 206 1895 et
227 1858 433 1894 audaciam
456 1858 671 1907 frangerem
700 1865 738 1895 et
759 1858 1037 1906 loquacitatem
1060 1857 1195 1906 paucis
1221 1858 1317 1895 meis
1340 1858 1497 1896 interro-

168 1920 392 1971 gationibus
423 1921 619 1959 inretitam
649 1922 895 1959 retardarem.
956 1921 1114 1959 Etenim
1146 1921 1327 1968 debuisti,
1350 1923 1494 1968 Vatini,

169 1987 285 2023 etiam
308 1986 338 2023 si
360 1987 456 2024 falso
478 1985 650 2024 venisses
671 1985 711 2023 in
732 1985 998 2035 suspicionem
1022 1987 1064 2024 P.
1089 1986 1226 2032 Sestio,
1247 1994 1378 2024 tamen
1401 1987 1495 2024 mihi

170 2049 381 2099 ignoscere,
405 2050 435 2088 si
458 2050 497 2087 in
519 2058 629 2088 tanto
650 2049 822 2087 hominis
844 2051 894 2088 de
916 2062 979 2088 me
1004 2049 1153 2098 optime
1175 2050 1300 2088 meriti
1322 2052 1495 2100 periculo

170 2122 207 2152 et
235 2115 400 2164 tempori
429 2115 512 2153 eius
540 2123 577 2153 et
604 2114 795 2152 voluntati
826 2127 960 2163 parere
986 2113 1208 2152 voluissem.
1269 2116 1346 2153 Scd
1374 2121 1406 2153 te
1433 2117 1493 2154 he·
1516 2130 1532 2159 3

215 2228 226 2247 1
256 2218 291 2247 Si
312 2222 394 2248 tant.
409 2217 499 2248 ΡΒΣ
515 2229 521 2248 :
538 2218 565 2248 si
585 2222 640 2248 tua
658 2223 739 2249 tant.
753 2218 823 2249 Hs-
841 2219 892 2254 (ιγ’.
909 2223 965 2248 tua
982 2218 1167 2256 indignitas
1185 2219 1199 2253 ξ
1221 2217 1284 2257 11).
1312 2217 1347 2247 Si
1366 2222 1492 2248 tantum

169 2261 266 2291 modo
290 2266 346 2291 tua
370 2261 491 2300 Halm,
518 2260 611 2291 haud
626 2262 719 2302 prob.
769 2260 816 2301 Cf
840 2261 922 2291 Sest.
947 2262 1022 2297 §60
1039 2262 1143 2299 ignari
1162 2261 1242 2299 quid
1268 2262 1413 2298 gravitas
1432 2285 1438 2291 .
1460 2283 1467 2290 .
1485 2285 1492 2292 .

168 2305 308 2341 valeret,
327 2304 374 2335 Cl.
391 2304 455 2343 Qu.
473 2305 512 2334 iv.
535 2314 637 2343 173-4
728 2305 749 2333 6
766 2305 810 2334 ita
829 2303 919 2334 HGk
935 2316 941 2334 :
959 2314 1023 2334 om.
1036 2303 1199 2342 PB,s0rt.
1216 2307 1289 2333 recle
1379 2314 1395 2342 7
1414 2309 1493 2334 ante

167 2346 277 2377 ΡΒΣε
298 2348 330 2377 in
349 2352 381 2377 tc
393 2347 501 2379 Hbff:
525 2354 604 2378 ante
617 2348 648 2378 in
662 2352 694 2377 te
706 2346 827 2377 Lamb.
919 2346 1306 2386 intemperatiorPBEG
1393 2357 1436 2377 20
1461 2352 1493 2377 te

168 2389 242 2420 add.
263 2389 381 2422 Lcmtb.

210 2461 272 2482 cic.
294 2461 409 2481 ’.Ἀ-ΠΝ.
1368 2452 1379 2480 1
1395 2453 1403 2481 ί
