1774 2782
137 531 155 562 5

115 853 154 874 10

112 1508 150 1529 20

111 2158 150 2188 30

613 80 638 97 Λ

515 148 624 186 PRO
656 149 696 186 P.
729 148 920 185 SESTIO
952 147 1168 185 ORATIO
1450 147 1504 192 65

178 258 390 297 industriae
403 272 449 297 ac
462 258 591 297 virtuti
606 266 766 308 pateret.
812 260 999 297 Senatum
1017 258 1070 296 rei
1084 258 1266 308 publicae
1283 258 1500 304 custodem,

177 323 408 372 praesidem,
450 331 779 373 propugnatorem
823 324 1154 370 conlocaverunt3
1202 322 1317 360 huius
1356 321 1502 360 ordinis

176 388 407 427 auctoritate
428 387 484 425 uti
505 387 749 437 magistratus
771 395 808 425 et
829 387 940 437 quasi
961 386 1158 425 ministros
1179 386 1393 437 gravissimi
1414 400 1503 424 con-

176 452 235 490 sili
274 465 358 491 esse
396 453 602 490 voluerunt
620 466 630 499 ;
677 461 855 489 senatum
897 459 1030 489 autem
1070 451 1199 501 ipsum
1238 453 1501 501 proximorum

175 517 358 555 ordinum
391 518 639 567 splendorem
667 518 908 562 confirmare,
936 516 1062 566 plebis
1089 516 1307 555 libertatem
1336 525 1373 556 et
1400 530 1503 555 com-

176 583 294 620 moda
314 581 412 620 tueri
431 590 549 632 atque
569 594 710 632 augere
729 582 946 620 voluerunt.

230 648 344 684 Haec
365 646 430 696 qui
453 660 522 696 pro
543 646 639 683 virili
660 653 768 695 parte
791 646 1012 684 defendunt
1028 645 1237 696 optimates
1259 654 1359 691 sunt,
1378 646 1501 684 cuius-

173 723 345 760 cumque
365 718 455 748 sunt
475 709 649 757 ordinis;
678 709 745 759 qui
775 717 908 748 autem
939 710 1147 759 praecipue
1177 712 1256 749 suis
1285 711 1501 749 cervicibus

173 783 281 813 tanta
301 776 435 813 munia
455 783 574 824 atque
594 787 675 812 rem
696 773 895 823 publicam
919 776 1122 820 sustinent,
1142 775 1181 811 hi
1205 788 1358 824 semper
1378 775 1501 813 habiti

173 847 263 877 sunt
283 839 532 889 optimatium
547 837 753 888 principes,
769 846 949 876 auctores
963 845 1000 876 et
1013 846 1307 877 conservatores
1322 839 1498 877 civitatis.

174 904 279 942 Huic
296 904 502 942 hominum
519 903 652 953 generi
668 905 800 950 fateor,
818 911 859 942 ut
875 911 967 942 ante
980 903 1069 951 dixi,
1086 905 1230 942 multos
1246 905 1498 952 adversarios,

172 970 363 1017 inimicos,
388 970 543 1009 invidos
565 984 660 1018 esse,
685 973 808 1008 multa
822 971 987 1021 proponi
1010 971 1192 1021 pericula,
1208 973 1350 1009 multas
1370 971 1498 1009 inferri

173 1035 341 1083 iniurias,
361 1048 525 1085 magnos
541 1048 627 1073 esse
648 1035 911 1084 experiundos
929 1044 966 1074 et
983 1037 1213 1074 subeundos
1226 1037 1379 1074 labores
1395 1051 1405 1084 3
1429 1037 1498 1075 sed

172 1100 268 1138 mihi
292 1100 421 1138 omnis
451 1099 575 1138 oratio
605 1107 663 1138 est
692 1113 781 1138 curn
814 1099 954 1138 virtute
984 1114 1064 1138 non
1094 1114 1184 1138 cum
1215 1100 1376 1148 desidia,
1408 1114 1497 1138 cum

172 1165 360 1215 dignitate
381 1178 462 1203 non
482 1178 573 1202 cum
595 1166 805 1214 voluptate,
829 1179 919 1202 cum
941 1165 985 1203 iis
1007 1165 1073 1215 qui
1095 1179 1135 1203 se
1156 1165 1313 1215 patriae,
1331 1165 1397 1215 qui
1419 1168 1497 1204 suis

171 1231 332 1277 civibus,
362 1230 429 1280 qui
455 1230 572 1277 laudi,
600 1230 667 1280 qui
693 1230 850 1280 gloriae,
878 1244 958 1269 non
982 1231 1049 1280 qui
1077 1244 1218 1269 somno
1245 1240 1283 1269 et
1309 1231 1496 1270 conviviis

170 1304 208 1334 et
235 1295 488 1335 delectationi
512 1302 626 1333 natos
650 1295 896 1333 arbitrantur.
955 1297 1058 1334 Nam
1084 1295 1114 1333 si
1140 1296 1206 1345 qui
1231 1296 1496 1346 voluptatibus

169 1363 368 1401 ducuntur
388 1370 425 1399 et
446 1375 487 1399 se
508 1361 689 1399 vitiorum
712 1361 917 1400 inlecebris
939 1369 976 1400 et
997 1361 1270 1411 cupiditatium
1292 1362 1496 1400 lenociniis

169 1425 417 1473 dediderunt,
442 1427 582 1463 missos
606 1425 750 1463 faciant
777 1427 959 1473 honores,
987 1439 1036 1463 ne
1059 1425 1251 1476 attingant
1272 1440 1352 1464 rem
1374 1427 1497 1476 publi-

170 1505 268 1539 cam,
295 1491 493 1541 patiantur
516 1491 686 1529 virorum
715 1490 872 1529 fortium
901 1491 1034 1530 labore
1064 1505 1104 1529 se
1134 1491 1215 1529 otio
1242 1505 1313 1530 suo
1340 1492 1493 1541 perfrui.

171 1556 251 1605 Qui
279 1564 411 1594 autem
442 1556 589 1594 bonam
620 1557 764 1594 famam
795 1556 1002 1603 bonorum,
1027 1570 1128 1606 quae
1155 1557 1237 1594 sola
1263 1569 1351 1594 vere
1375 1557 1494 1606 gloria

169 1621 363 1659 nominari
392 1629 532 1671 potest,
565 1628 763 1671 expetunt,
796 1621 880 1659 aliis
910 1621 1032 1660 otium
1064 1634 1250 1671 quaerere
1279 1622 1426 1660 debent
1456 1630 1494 1660 et

169 1687 404 1736 voluptates,
433 1700 514 1724 non
545 1686 630 1724 sibi.
691 1687 923 1724 Sudandum
954 1694 1012 1724 est
1041 1686 1086 1724 iis
1116 1700 1186 1736 pro
1215 1687 1493 1725 communibus

170 1751 403 1798 commodis,
434 1752 643 1790 adeundae
678 1750 915 1798 inimicitiae,
948 1751 1180 1789 subeundae
1208 1764 1326 1801 saepe
1355 1764 1424 1800 pro
1454 1765 1493 1789 re

170 1816 328 1866 publica
355 1823 608 1864 tempestates
628 1831 635 1853 :
665 1829 756 1853 cum
780 1815 913 1853 multis
937 1815 1165 1862 audacibus,
1188 1816 1388 1865 improbis,
1412 1829 1492 1853 non

170 1894 385 1930 numquam
408 1883 524 1919 etiam
546 1881 774 1930 potentibus
795 1881 1078 1919 dimicandum.
1139 1883 1253 1919 Haec
1273 1881 1492 1919 audivimus

169 1948 219 1984 de
240 1946 541 1983 clarissimorum
562 1945 731 1983 virorum
752 1945 925 1984 consiliis
946 1953 984 1984 et
1005 1946 1125 1993 factis,
1143 1947 1240 1984 haec
1256 1947 1490 1995 accepimus,

169 2012 268 2049 haec
288 2012 462 2061 legimus.
522 2011 665 2059 Neque
685 2023 752 2049 eos
774 2012 813 2048 in
842 2011 958 2049 laude
983 2011 1131 2060 positos
1152 2010 1330 2049 videmus
1351 2010 1417 2059 qui
1439 2010 1491 2047 in-

169 2077 336 2113 citarunt
370 2075 584 2125 aliquando
616 2075 752 2125 populi
785 2075 939 2113 animos
972 2076 1023 2113 ad
1054 2075 1298 2122 seditionem,
1327 2083 1392 2112 aut
1425 2075 1491 2124 qui

168 2140 372 2191 largitione
405 2148 613 2179 caecarunt
644 2140 786 2179 mentis
815 2140 1094 2190 imperitorum,
1126 2148 1193 2178 aut
1223 2140 1289 2190 qui
1318 2139 1424 2178 fortis
1454 2148 1490 2177 et

212 2254 229 2281 4
267 2243 445 2273 voluerunt
474 2243 540 2274 secl.
570 2242 707 2272 Dz'etrt'clt
869 2252 888 2281 5
924 2242 1137 2282 splendorem
1173 2243 1371 2272 confirmare
1402 2242 1493 2272 Bake·

169 2287 220 2323 (css
246 2286 330 2317 l'err.
352 2297 381 2324 v,
404 2290 418 2323 ξ
438 2287 531 2326 181):
558 2297 631 2316 -ore
647 2286 709 2315 -ari
728 2285 816 2316 codd.
908 2288 927 2316 8
952 2291 1059 2316 autcm
1074 2286 1160 2316 codd.
1178 2285 1342 2325 praetch
1356 2286 1459 2316 iliaco
1484 2297 1490 2322 ;

172 2329 243 2360 Vnt.
258 2331 272 2365 ξ
287 2340 324 2368 41
341 2329 456 2368 adfin.
548 2341 568 2368 9
593 2330 760 2359 sustinent
778 2328 852 2358 Hks
868 2340 874 2358 τ
899 2330 1086 2359 sustineant
1099 2328 1200 2359 Prcll.
1301 2338 1336 2365 13
1355 2329 1490 2358 iniurias

168 2373 223 2402 ks:
242 2373 385 2403 invidias
399 2373 508 2404 Prell.
525 2384 530 2402 :
550 2372 688 2403 insidias
699 2372 888 2412 Naugerius
981 2383 1016 2410 14
1043 2373 1151 2402 omnis
1169 2382 1232 2401 om.
1253 2371 1358 2402 Scltol.

1528 157 1585 190 137

1522 627 1580 664 66

1525 687 1584 725 138

1518 1572 1576 1605 Ι39
