1774 2782
221 117 273 153 26

233 621 274 662 56

228 1866 276 1904 27

295 134 334 165 55
662 118 718 154 M.
750 117 917 153 TVLLI
950 115 1256 155 CICERONIS

294 229 364 265 Est
389 226 549 276 quidem
579 226 642 264 ille
668 228 806 276 plenus
832 225 909 262 vini
935 226 1056 274 stupri
1084 224 1224 271 somni,
1248 226 1467 274 plenusque
1488 222 1620 261 incon-

291 292 592 330 sideratissimae
619 305 664 328 ac
689 290 1009 329 dementissimae
1037 289 1288 337 temeritatis,
1325 302 1458 326 verum
1487 296 1619 326 tamen

291 357 491 393 nocturnis
522 355 670 404 vigiliis,
704 354 819 392 etiam
851 354 1024 392 coitione
1054 354 1275 401 hominum,
1305 352 1492 391 iustitium
1525 353 1620 392 illud

291 428 525 458 concoctum
553 427 672 468 atque
698 419 928 456 meditatum
959 427 1027 457 est.
1088 421 1347 465 Mementote,
1376 425 1504 468 patres
1532 431 1621 455 con-

291 485 433 535 scripti,
456 485 576 522 verbo
606 484 673 522 illo
702 484 850 522 nefario
879 491 1087 533 temptatas
1117 484 1218 522 auris
1249 491 1400 522 nostras
1430 492 1467 521 et
1498 484 1622 532 perni-

294 550 439 589 ciosam
462 549 562 587 viam
584 548 770 587 audiendi
793 549 1081 587 consuetudine
1102 562 1187 587 esse
1209 548 1412 587 munitam.

349 614 532 664 Sequitur
571 614 677 659 illud,
711 614 777 650 NE
816 625 1124 651 DETERIORIBVS
1164 625 1442 657 REPVLSlSQVE
1483 624 1621 650 HONos

294 691 523 717 AVGEATVR.
584 679 780 728 Repulsos
811 678 1024 725 videamus,
1062 692 1151 716 nam
1187 678 1399 717 deteriores
1431 678 1496 728 qui
1533 677 1620 725 sint,

293 752 381 795 post
402 745 568 784 docebo.
620 744 699 782 Sed
713 751 843 781 tamen
863 743 900 781 in
916 757 1006 782 eum
1021 745 1163 782 cadere
1179 745 1255 782 boc
1272 743 1433 782 verbum
1454 742 1622 781 maxime

292 809 359 859 qui
381 809 428 847 sit
450 822 550 846 unus
571 808 748 847 omnium
776 808 997 846 mortalium
1019 808 1103 847 sine
1125 809 1203 846 ulla
1223 807 1472 846 dubitatione
1493 808 1619 845 deter-

292 874 422 920 rimus,
446 875 749 912 concedendum
772 881 842 912 est.
901 873 979 923 Qui
995 882 1085 912 sunt
1104 873 1217 924 igitur
1232 872 1404 923 repulsi?
1452 874 1556 919 Non,
1580 880 1622 910 ut

292 940 442 990 opinor,
461 939 483 976 ii
502 939 567 989 qui
585 939 798 988 aliquando
814 940 1005 977 honorem
1023 939 1118 977 vitio
1138 938 1315 985 civitatis,
1334 951 1412 976 non
1436 951 1518 984 suo,
1542 950 1621 976 non

293 1012 382 1043 sunt
396 1003 591 1050 adsecuti3
612 1017 700 1041 nam
720 1003 758 1041 id
773 1003 933 1053 quidem
953 1004 1085 1041 multis
1102 1017 1219 1053 saepe
1232 1002 1391 1053 optimis
1404 1002 1555 1041 civibus
1570 1009 1625 1040 at-

293 1084 370 1120 que
384 1069 670 1108 honestissimis
684 1069 772 1106 viris
786 1069 942 1107 accidit.
986 1069 1149 1119 Repulsi
1165 1076 1255 1107 sunt
1270 1068 1293 1106 ii
1311 1081 1410 1118 quos
1427 1068 1477 1106 ad
1491 1066 1624 1105 onmia

293 1135 588 1186 progredientis,
606 1148 706 1185 quos
727 1148 890 1172 munera
911 1141 1045 1172 contra
1066 1135 1170 1183 leges
1190 1132 1419 1183 gladiatoria
1440 1133 1621 1182 parantis,

294 1215 394 1251 quos
417 1200 661 1250 apertissime
688 1199 884 1249 largientis
910 1213 990 1237 non
1016 1200 1143 1237 solum
1171 1198 1286 1237 alieni
1315 1199 1384 1236 sed
1412 1197 1529 1236 etiam
1552 1197 1621 1244 sui,

293 1267 422 1314 vicini,
454 1266 625 1313 tribules,
658 1265 809 1312 urbani,
841 1264 970 1302 rustici
1006 1266 1283 1314 reppulerunt:
1326 1263 1365 1300 bi
1397 1276 1445 1300 ne
1475 1263 1624 1300 bonore

293 1340 508 1381 augeantur
538 1338 710 1369 monent.
773 1330 903 1368 Debet
938 1342 1024 1368 esse
1058 1336 1209 1378 gratum
1242 1329 1350 1377 quod
1381 1326 1622 1377 praedicunt,

295 1399 364 1436 sed
390 1405 520 1435 tamen
550 1396 642 1434 huic
668 1396 773 1433 malo
798 1396 967 1444 populus
992 1396 1196 1433 Romanus
1218 1393 1301 1443 ipse
1322 1394 1431 1431 nullo
1453 1391 1624 1441 haruspi-

237 1477 252 1507 5
296 1477 384 1501 cum
416 1461 622 1500 admonitu
657 1473 726 1498 sua
761 1467 901 1509 sponte
931 1458 1138 1509 prospexit.
1212 1457 1435 1496 Deteriores
1465 1463 1625 1503 cavete3

296 1530 462 1578 quorum
485 1526 644 1575 quidem
668 1532 725 1563 est
746 1537 887 1574 magna
909 1523 1027 1570 natio,
1043 1524 1113 1561 sed
1135 1531 1267 1561 tamen
1288 1535 1423 1560 eorum
1446 1519 1623 1559 omnium

295 1593 358 1630 hic
375 1593 453 1630 dux
475 1599 532 1629 est
548 1598 666 1640 atque
683 1590 863 1640 princeps
879 1604 888 1636 3
918 1588 1063 1627 etenim
1082 1587 1112 1625 si
1130 1602 1252 1625 unum
1271 1586 1472 1625 hominem
1496 1587 1623 1624 deter-

296 1657 436 1695 rimum
461 1664 579 1706 poeta
606 1654 815 1705 praestanti
841 1654 982 1704 aliquis
1010 1653 1169 1703 ingenio
1192 1651 1291 1691 fictis
1314 1649 1625 1701 conquisitisque

296 1722 396 1760 vitiis
421 1723 683 1760 deformatum
713 1721 827 1758 vellet
855 1719 1052 1766 inducere,
1076 1720 1226 1757 nullum
1253 1718 1430 1767 profecto
1451 1716 1624 1754 dedecus

296 1786 461 1837 reperire
492 1794 623 1836 posset
655 1787 762 1835 quod
793 1785 831 1822 in
868 1787 943 1823 hoc
973 1798 1053 1823 non
1086 1784 1241 1830 inesset,
1275 1785 1477 1832 multaque
1508 1781 1546 1818 in
1577 1794 1625 1819 eo
1647 1801 1661 1822 2

297 1852 453 1903 penitus
483 1853 611 1890 defixa
639 1860 758 1901 atque
792 1850 993 1889 hacrentia
1028 1849 1263 1900 praeteriret.
1324 1847 1558 1886 Parentibus
1587 1854 1625 1884 et

297 1918 356 1957 dis
387 1917 674 1956 immortalibus
704 1925 741 1955 et
772 1916 918 1966 patriae
948 1930 1020 1954 nos
1051 1917 1221 1965 primum
1251 1921 1388 1952 natura
1418 1911 1625 1959 conciliat3

297 1984 437 2021 eodem
460 1982 565 2020 enim
587 1990 764 2032 tempore
785 1990 822 2020 et
845 1981 1079 2031 suscipimur
1100 1980 1137 2018 in
1161 1982 1289 2018 lucem
1311 1986 1349 2017 et
1370 1980 1446 2016 hoc
1468 1975 1623 2015 caelesti

298 2047 433 2097 spiritu
462 2060 651 2097 augemur
681 2055 718 2084 et
749 2054 894 2084 certam
926 2045 966 2083 in
996 2046 1130 2084 sedem
1162 2043 1328 2083 civitatis
1362 2056 1407 2081 ac
1437 2041 1624 2081 libertatis

297 2112 565 2151 adscribimur.
627 2113 707 2150 Iste
728 2119 933 2162 parentum
957 2123 1113 2157 nomen,
1133 2123 1251 2156 sacra,
1276 2107 1516 2154 memoriam,
1536 2121 1624 2157 gen-

298 2186 376 2217 tem
400 2177 618 2216 Fonteiano
638 2177 799 2216 nomine
821 2177 976 2224 obruit3
1007 2178 1169 2215 deorum
1193 2174 1302 2226 ignis,
1326 2173 1432 2221 solia,
1456 2186 1621 2218 mensas,

346 2294 383 2322 13
408 2289 507 2322 atque
532 2283 631 2313 ku:
659 2287 691 2313 at
714 2281 796 2311 PB:
829 2292 865 2312 ac
892 2281 931 2312 M
1040 2282 1077 2310 18
1103 2284 1241 2311 monent
1269 2278 1364 2309 GEt:
1397 2283 1509 2308 monet
1539 2276 1621 2306 PB:

299 2326 581 2409 &znffffitigfssss
671 2335 711 2363 23
729 2325 991 2364 conquisitisque
1002 2324 1093 2355 vitiis
1103 2322 1281 2353 HGEMbk
1297 2334 1303 2352 ς
1329 2321 1527 2360 conquisitis
1540 2321 1621 2361 (om.

1643 825 1682 847 10

1646 1150 1682 1181 Ι5

1647 1476 1684 1497 20

1646 2124 1685 2154 30
