1774 2782
109 539 125 569 5

93 861 130 881 10

97 1513 136 1533 20

102 2164 143 2194 30

239 153 313 189 DE
346 152 510 190 DOMO
542 153 643 189 SVA
676 152 751 188 ΑΙ)
785 151 1117 189 PONTIFICES
1148 150 1366 188 ORATIO
1421 158 1470 195 35

146 260 289 299 sidium
311 260 517 298 defuisse?
543 261 682 298 salsum
706 267 773 297 est.
836 261 903 297 Me
929 266 1094 297 mortem
1122 257 1329 296 timuisse?
1359 264 1470 306 turpe

147 334 214 363 est.
275 326 501 363 Dicendum
521 324 634 374 igitur
651 332 709 362 est
724 325 775 372 id,
790 325 900 374 quod
916 338 997 362 non
1018 323 1190 362 dicerem
1208 323 1279 360 nisi
1297 330 1467 367 coactus,

145 390 295 428 —nihil
325 390 430 429 enim
460 403 647 439 umquam
683 391 733 428 de
764 403 826 427 me
856 389 935 428 dixi
965 388 1155 427 sublatius
1190 387 1472 425 adsciscendae

147 455 271 494 laudis
293 469 409 494 causa
430 455 560 505 potius
580 469 699 505 quam
730 455 902 493 criminis
930 453 1318 504 depellendi,—dico
1347 452 1470 502 igitur,

147 528 184 559 et
215 533 331 570 quam
363 533 523 570 possum
554 519 724 558 maxima
754 533 850 558 voce
879 519 994 558 dico:
1024 531 1114 556 cum
1143 517 1320 555 omnium
1351 517 1475 567 perdi-

147 595 275 624 torum
315 594 352 623 et
383 585 675 623 coniuratorum
709 584 869 622 incitata
901 584 969 630 vis,
1007 585 1108 622 duce
1143 583 1303 621 tribuno
1337 582 1472 632 plebis,

148 650 376 688 consulibus
405 650 641 697 auctoribus,
673 649 832 688 adflicto
861 657 1009 696 senatu,
1041 647 1250 699 perterritis
1278 647 1475 697 equitibus

150 716 353 762 Romanis,
375 728 563 765 suspensa
590 728 636 752 ac
665 714 830 752 sollicita
851 722 933 751 tota
957 713 1122 760 civitate,
1147 727 1226 750 non
1252 720 1330 751 tam
1354 712 1392 749 in
1414 725 1477 749 me

149 779 339 829 impetum
362 781 502 817 faceret
524 792 642 828 quam
664 792 733 829 per
751 792 814 816 me
829 778 867 815 in
889 778 1018 816 omnis
1041 778 1178 824 bonos,
1196 791 1258 815 me
1275 777 1430 823 vidisse,
1447 777 1478 814 si

149 843 339 891 vicissem,
364 843 491 882 tenuis
512 843 565 881 rei
586 843 771 894 publicae
789 842 983 892 reliquias,
1003 842 1033 880 si
1055 842 1179 880 victus
1194 856 1333 889 essem,
1354 844 1478 880 nullas

149 912 307 948 suturas,
369 911 490 958 Quod
520 922 612 947 cum
643 909 892 954 iudicassem,
930 907 1071 947 deflevi
1106 908 1283 957 coniugis
1316 908 1478 946 miserae

150 975 372 1022 discidium,
400 974 608 1012 liberorum
635 973 927 1012 carissimorum
962 973 1232 1020 solitudinem,
1265 973 1386 1011 fratris
1416 973 1480 1011 ab·

151 1041 270 1078 sentis
286 1039 543 1077 amantissimi
560 1048 678 1089 atque
700 1039 837 1089 optimi
856 1052 1003 1084 casum,
1017 1038 1167 1077 subitas
1184 1038 1479 1076 fundatissimae

152 1104 320 1143 familiae
352 1106 509 1152 ruinas;
542 1105 614 1142 sed
642 1104 702 1142 his
741 1104 928 1141 omnibus
970 1104 1085 1142 rebus
1121 1104 1239 1142 vitam
1274 1105 1480 1152 anteposui

159 1183 338 1207 meorum
358 1169 513 1215 civium,
538 1183 699 1219 remque
721 1170 918 1219 publicam
942 1169 1151 1207 concidere
1173 1171 1287 1207 unius
1309 1169 1480 1207 discessu

154 1248 272 1284 quam
302 1233 481 1272 omnium
512 1233 669 1272 interitu
700 1235 881 1272 occidere
911 1234 1041 1272 malui.
1103 1235 1272 1283 Speravi,
1304 1233 1343 1271 id
1373 1234 1481 1283 quod

153 1300 307 1346 accidit,
341 1313 404 1338 me
433 1300 627 1337 iacentem
658 1313 772 1349 posse
802 1299 898 1337 vivis
928 1299 1016 1336 viris
1047 1299 1211 1336 fortibus
1241 1298 1421 1344 excitari3
1451 1298 1481 1335 si

154 1379 233 1402 una
253 1379 343 1403 cum
372 1364 486 1402 bonis
514 1364 743 1412 interissem,
769 1366 876 1402 nullo
905 1366 1026 1401 modo
1056 1377 1171 1413 posse
1196 1377 1273 1400 rem
1290 1365 1481 1412 publt'cam

155 1430 327 1468 recreari.
401 1430 560 1479 Accepi,
593 1429 809 1479 poiitificeS,
843 1442 1029 1478 magnum
1065 1437 1182 1478 atque
1213 1428 1481 1466 incredibilem

156 1496 358 1533 dolorem:
389 1508 468 1532 non
498 1507 609 1544 nego,
633 1508 761 1543 neque
788 1493 900 1531 istam
928 1493 1023 1530 mihi
1048 1492 1227 1531 adscisco
1252 1492 1482 1542 sapientiam

156 1573 274 1610 quam
292 1573 372 1597 non
389 1559 483 1596 nulli
501 1559 540 1596 in
556 1572 618 1596 me
638 1559 900 1608 requirebant,
918 1558 988 1608 qui
1006 1571 1068 1596 me
1084 1559 1217 1595 animo
1234 1557 1348 1595 nimis
1365 1559 1486 1595 fracto

156 1638 240 1663 esse
261 1632 380 1674 atque
392 1623 554 1662 adflicto
571 1624 845 1672 loquebantur.
905 1625 968 1660 An
991 1636 1064 1673 ego
1082 1630 1269 1673 poteram,
1289 1636 1378 1660 cum
1393 1636 1415 1659 a
1429 1630 1485 1660 tot

157 1706 284 1730 rerum
306 1699 414 1729 tanta
434 1690 619 1728 varietate
640 1690 853 1737 divellerer,
872 1703 969 1739 quas
993 1689 1137 1727 idcirco
1159 1697 1358 1739 praetereo
1378 1689 1487 1738 quod

158 1770 207 1795 ne
228 1770 333 1794 nunc
347 1755 509 1806 quidem
526 1755 610 1793 sine
623 1757 716 1793 fletu
731 1768 1041 1793 commemorare
1064 1768 1235 1804 possum,
1253 1754 1407 1791 infitiari
1426 1767 1487 1791 me

159 1835 243 1859 esse
276 1822 478 1859 hominem
509 1828 546 1859 et
576 1834 829 1858 communem
866 1828 1028 1858 naturae
1061 1833 1220 1858 sensum
1253 1818 1488 1869 repudiare?

158 1888 262 1924 Tum
279 1899 371 1924 vero
388 1899 517 1935 neque
534 1886 630 1924 illud
644 1899 774 1923 meum
790 1886 934 1923 factum
951 1885 1148 1922 laudabile
1163 1898 1235 1922 nec
1250 1883 1487 1922 beneficium

160 1953 281 1988 ullum
296 1965 318 1989 a
335 1964 397 1988 me
412 1952 450 1988 in
469 1965 548 1988 rem
568 1950 765 2000 publicam
782 1952 1000 2000 profectum
1018 1949 1201 1996 dicerem,
1221 1951 1250 1987 si
1265 1949 1426 1999 quidem
1444 1961 1489 1986 ea

160 2017 212 2054 rei
235 2016 417 2066 publicae
437 2029 555 2053 causa
575 2016 818 2065 reliquissem
837 2015 980 2065 quibus
1000 2028 1130 2064 aequo
1150 2016 1283 2052 animo
1304 2027 1486 2060 carerem,

161 2094 328 2130 eamque
348 2081 467 2118 animi
489 2080 684 2128 duritiam,
708 2080 806 2118 sicut
828 2081 1011 2130 corporis,
1030 2081 1139 2129 quod
1156 2093 1245 2117 cum
1267 2081 1387 2116 uritur
1408 2091 1487 2115 non

163 2145 289 2192 sentit,
313 2153 513 2194 stuporem
535 2145 663 2195 potius
686 2158 804 2195 quam
826 2145 1007 2182 virtutem
1036 2153 1224 2194 putarem.
1285 2143 1489 2192 Suscipere

162 2218 291 2247 tantos
307 2209 427 2247 animi
441 2211 608 2256 dolores,
624 2218 742 2259 atque
759 2223 803 2248 ea
820 2222 921 2259 quae
935 2217 1048 2259 capta
1065 2210 1160 2248 urbe
1177 2208 1361 2246 accidunt
1379 2206 1488 2245 victis

210 2329 247 2357 15
273 2319 451 2349 concidere
479 2318 526 2348 G:
562 2319 748 2349 concedere
771 2319 836 2348 rell.
858 2322 986 2358 praeter
1008 2318 1050 2347 Ρι
1075 2318 1284 2357 (conderem
1317 2316 1489 2346 considere

165 2363 239 2392 ‘lzoc
251 2366 305 2397 esl,
319 2362 558 2401 aliquantisper
568 2363 799 2401 conquiescere·
818 2361 928 2392 [Madv.
999 2361 1111 2399 unius]
1128 2372 1202 2391 meo
1216 2360 1294 2390 ku
1368 2361 1403 2389 18
1422 2370 1488 2388 rem

169 2407 244 2445 pul).
275 2407 378 2445 suppl.
400 2405 614 2443 A'mgelsbach
737 2416 774 2443 ¹9
800 2406 961 2445 recreari]
981 2405 1173 2435 resuscitari
1191 2405 1208 2433 l)

1490 163 1529 194 95

1492 289 1543 334 36

1492 350 1533 389 96

1511 2124 1558 2162 37

1510 2179 1549 2216 9⁵
