1774 2782
201 159 218 186 1
238 164 255 193 3
448 204 450 207 v
607 150 664 187 M.
694 150 861 186 TVLLI
895 149 1201 187 CICERONIS

236 257 423 295 credibile
458 257 588 295 dicere
624 258 874 307 putabantur,
908 257 940 296 ei
975 257 1040 308 qui
1076 258 1203 297 omnis
1237 259 1372 298 animo
1405 260 1564 299 virtutes

236 323 392 372 penitus
413 322 779 372 comprehendisset
804 323 938 361 omnia
966 337 1067 373 quae
1089 325 1232 362 faceret
1253 331 1343 362 recte
1353 328 1563 374 procedere.

238 388 351 433 Quae
380 387 484 425 enirn
518 387 558 425 in
592 390 635 426 L.
667 389 810 426 Crasso
840 388 977 438 potuit,
1012 388 1173 426 homine
1203 396 1296 427 nato
1325 391 1375 427 ad
1406 390 1564 428 dicendi

237 452 470 502 singularem
505 453 705 502 quandam
742 454 979 499 facultatem,
1017 452 1046 490 si
1088 453 1189 491 hanc
1228 466 1386 491 causam
1421 462 1561 504 ageret,

238 517 360 555 maior
398 531 482 556 esse
517 518 686 564 ubertas,
722 518 898 565 varietas,
935 518 1049 567 copia
1084 532 1201 568 quam
1238 519 1308 557 fuit
1343 519 1381 556 in
1417 533 1465 558 eo
1497 520 1564 570 qui

237 590 386 619 tantum
410 584 537 631 potuit
558 582 756 631 impertire
784 582 875 620 huic
904 582 1034 620 studio
1061 582 1247 632 temporis
1268 591 1460 633 quantum
1482 584 1564 634 ipse

235 662 258 686 a
292 647 456 697 pueritia
491 661 615 697 usque
654 648 704 685 ad
740 649 842 685 hanc
877 655 1045 686 aetatem
1080 662 1103 685 a
1140 648 1337 686 continuis
1377 649 1487 687 bellis
1526 657 1564 688 et

236 712 405 750 victoriis
433 712 689 761 conquievit?
747 712 839 758 Quo
864 712 960 750 mihi
989 712 1182 751 difficilior
1207 721 1264 751 est
1285 713 1348 751 hic
1369 721 1563 752 extremus

236 777 442 828 perorandi
484 779 604 815 locus.
678 778 834 816 Etenim
871 778 904 816 ei
942 779 1115 816 succedo
1149 778 1313 817 orationi
1349 793 1449 828 quae
1483 792 1562 817 non

236 850 500 892 praetervecta
521 843 568 880 sit
588 843 690 881 auris
711 851 868 890 vestrim,
892 845 961 882 sed
983 843 1021 881 in
1043 843 1182 881 animis
1210 844 1387 882 omnium
1410 844 1564 894 penitus

236 907 432 954 insederit,
456 916 497 946 ut
525 910 611 958 plus
636 909 846 959 voluptatis
875 923 920 947 ex
948 909 1221 948 recordatione
1248 909 1349 947 illius
1378 910 1564 948 orationis

237 988 353 1022 <cluam
377 987 457 1011 non
482 975 601 1012 modo
622 987 667 1012 ex
690 987 787 1020 mea,
810 975 879 1012 scd
907 987 953 1012 ex
978 974 1208 1024 cuiusquam
1231 975 1406 1013 oratione
1426 989 1564 1025 capere

237 1038 403 1088 possitis.
463 1039 541 1076 Sed
570 1052 655 1076 mos
680 1046 738 1076 est
763 1040 961 1088 gerundus
989 1053 1069 1076 non
1092 1041 1213 1077 modo
1234 1040 1431 1086 Cornelio,
1453 1040 1563 1077 cuius

237 1117 310 1153 ego
340 1103 530 1141 voluntati
563 1103 600 1140 in
628 1103 711 1142 eius
739 1103 919 1153 periculis
949 1106 1056 1142 nullo
1084 1106 1204 1143 modo
1232 1106 1369 1143 deesse
1389 1119 1562 1155 possum,

236 1170 304 1207 scd
327 1169 443 1207 etiam
465 1169 539 1208 Cn.
564 1169 766 1219 Pompeio,
792 1169 856 1219 qui
881 1169 938 1207 sui
962 1170 1063 1216 sacti,
1083 1170 1139 1207 sui
1162 1169 1291 1217 iudici,
1316 1170 1373 1208 sui
1395 1170 1562 1208 benefici

236 1234 357 1272 voluit
386 1249 447 1272 me
472 1248 568 1281 esse,
592 1243 633 1273 ut
660 1236 767 1285 apud
797 1236 958 1273 eosdem
989 1249 1069 1282 vos,
1093 1235 1252 1282 iudices,
1276 1249 1400 1285 nuper
1424 1235 1462 1273 in
1490 1235 1564 1274 alia

236 1313 352 1337 causa
373 1299 522 1346 fuerim,
546 1306 583 1338 et
605 1300 913 1349 praedicatorem
936 1308 973 1338 et
995 1308 1179 1339 actorem.

291 1367 349 1402 Ac
385 1364 478 1402 mihi
514 1365 675 1414 quidem
710 1367 786 1403 hoc
823 1366 985 1416 dignum
1022 1380 1061 1404 re
1100 1366 1259 1416 publica
1292 1366 1452 1413 videtur,
1487 1368 1562 1405 hoc

236 1431 368 1469 deberi
406 1431 520 1469 huius
553 1431 777 1470 excellentis
810 1432 879 1469 viri
916 1431 1270 1481 praestantissimae
1299 1432 1455 1481 gloriae,
1487 1433 1563 1470 hoc

235 1496 433 1546 proprium
466 1511 549 1535 esse
579 1497 693 1535 vestri
726 1497 838 1543 offici,
865 1499 940 1535 hoc
973 1497 1063 1535 satis
1094 1511 1178 1535 esse
1209 1510 1349 1535 causae
1379 1504 1431 1544 ut,
1455 1498 1564 1547 quod

235 1561 372 1600 secisse
405 1564 477 1602 Cn.
512 1563 745 1612 Pompeium
780 1570 944 1609 constet,
980 1563 1019 1601 id
1051 1576 1190 1601 omnes
1222 1562 1256 1600 ei
1288 1561 1442 1600 licuisse
1474 1575 1564 1600 con-

235 1629 387 1666 cedant.
439 1630 540 1665 Nam
563 1628 689 1666 verius
710 1628 807 1666 niliil
829 1637 886 1667 est
909 1643 1026 1679 quarn
1050 1629 1157 1679 quod
1180 1629 1362 1666 hesterno
1383 1627 1446 1665 die
1468 1626 1564 1666 dixit

235 1692 327 1742 ipse,
364 1693 416 1731 ita
452 1695 494 1731 L.
530 1694 758 1733 Cornelium
795 1696 845 1733 de
884 1694 1047 1733 fortunis
1083 1693 1268 1732 omnibus
1302 1692 1488 1731 dimicare
1522 1699 1563 1730 ut

234 1759 376 1796 nullius
398 1760 436 1796 in
458 1759 589 1797 delicti
618 1760 766 1799 crimen
790 1769 1002 1799 vocaretur.
1064 1762 1158 1799 Non
1183 1759 1289 1798 enim
1310 1760 1457 1796 furatus
1478 1770 1563 1796 esse

234 1822 442 1870 civitatem,
466 1837 546 1861 non
573 1837 696 1873 genus
723 1839 836 1863 suum
868 1825 1089 1873 ementitus,
1113 1839 1193 1863 non
1222 1824 1260 1862 in
1287 1823 1420 1873 aliquo
1440 1822 1563 1872 impu-

234 1889 342 1926 denti
364 1888 572 1927 mendacio
594 1889 809 1937 delituisse,
829 1905 909 1929 non
928 1892 1135 1942 inrepsisse
1156 1890 1196 1928 in
1213 1903 1375 1928 censum
1397 1887 1561 1927 dicitur:

234 1966 357 1991 unum
396 1953 574 2000 obicitur,
612 1962 747 1993 natum
790 1969 875 1995 esse
910 1957 1100 2003 Gadibus,
1138 1956 1246 2005 quod
1280 1961 1396 2004 negat
1430 1966 1559 1992 nemo.

279 2069 297 2088 Ω
316 2064 405 2089 recte
421 2060 609 2098 (praeclare
620 2061 645 2095 ’l
660 2062 845 2100 procedere
861 2061 978 2100 scripsi
994 2060 1056 2097 (CI.
1070 2059 1133 2098 Qu.
1151 2060 1192 2089 iv.
1206 2058 1298 2096 176):
1316 2061 1460 2087 tractare
1473 2055 1560 2087 codd.

236 2103 324 2135 (aule
351 2103 475 2134 faceret
503 2104 578 2134 add.
602 2104 643 2134 H
661 2105 784 2135 vellet:
818 2108 893 2144 post
921 2106 1110 2143 tractaret)
1140 2102 1215 2133 add.
1242 2100 1403 2140 perfacile
1428 2109 1504 2130 esse
1528 2110 1559 2130 c:

235 2147 345 2177 omnia
362 2158 448 2185 quae
466 2148 569 2178 vellet
588 2149 684 2179 facile
703 2159 781 2179 esse
800 2153 944 2179 tractare
970 2148 989 2177 k
1005 2159 1012 2177 z
1047 2157 1122 2177 eum
1143 2170 1148 2176 .
1167 2170 1173 2177 .
1191 2170 1199 2177 .
1218 2146 1334 2175 omnia
1349 2154 1434 2183 quae
1453 2143 1562 2191 facere

233 2190 335 2221 vellet
373 2190 528 2222 facillime
567 2198 710 2223 tractare
738 2192 756 2221 b
788 2192 887 2222 Harl.
918 2192 1016 2229 2681,
1052 2190 1100 2221 cd.
1136 2190 1195 2222 RQ
1212 2201 1218 2220 ε
1257 2188 1442 2227 procedere
1481 2196 1559 2217 com.

235 2234 392 2264 Mueller:
420 2240 510 2266 recte
528 2246 564 2266 se
583 2237 662 2266 dare
682 2235 814 2266 Madv.:
841 2240 932 2266 recte
960 2236 1081 2265 cadere
1098 2233 1185 2264 Reid
1200 2232 1348 2273 (improb.
1370 2230 1563 2269 Zielinsk.):

235 2283 326 2308 recte
349 2278 475 2309 habere
493 2279 583 2310 Paul
744 2280 763 2308 8
789 2285 961 2310 extremus
979 2279 996 2307 b
1013 2278 1113 2309 Harl.
1133 2279 1213 2307 2681
1232 2276 1279 2307 ed.
1298 2276 1341 2308 R,
1360 2287 1367 2306 :
1392 2273 1561 2304 exercitus

235 2321 399 2352 PBGH&-
534 2333 571 2352 12
596 2333 638 2353 ex
663 2333 737 2353 mea
754 2324 814 2353 sed
841 2323 860 2352 b
889 2322 931 2353 6²
944 2322 1042 2352 Harl.
1058 2323 1139 2351 2681
1157 2332 1164 2351 :
1190 2321 1221 2350 in
1241 2330 1314 2350 mea
1331 2330 1428 2359 quarn
1445 2318 1478 2347 P
1492 2317 1558 2349 rell.

238 2365 284 2405 (in
303 2376 376 2396 mea
390 2367 448 2396 sed
464 2378 505 2397 ex
520 2367 602 2404 Ηῖ)
759 2377 797 2405 13
833 2368 1005 2404 gerundus
1037 2364 1141 2396 PGH
1166 2365 1219 2395 all.
1237 2376 1243 2394 :
1283 2364 1455 2402 gerendus
1485 2361 1564 2390 Ewc

238 2418 275 2446 17
301 2414 470 2440 auctorem
500 2409 601 2440 F¹Hc
747 2411 785 2440 18
810 2421 845 2440 re
861 2421 894 2449 p.
912 2409 1023 2440 Garai.
1042 2421 1048 2439 2
1074 2419 1109 2439 re
1130 2409 1192 2439 6²:
1217 2418 1274 2438 reo
1291 2407 1353 2438 b‘J:
1383 2406 1429 2437 rei
1446 2405 1478 2435 P
1493 2405 1558 2434 rell.

237 2452 289 2491 (cf.
311 2453 393 2484 Sest.
414 2455 428 2490 ξ
447 2454 503 2493 47)
602 2463 640 2483 21
668 2453 697 2484 ei
718 2454 745 2484 G
761 2457 788 2484 et
804 2453 837 2483 in
857 2465 924 2494 mg.
943 2457 966 2483 Σ
982 2465 988 2483 :
1013 2457 1047 2483 et
1063 2452 1094 2482 P
1110 2452 1174 2483 rell.

1586 531 1602 563 5

1588 862 1626 882 10

1588 1185 1624 1217 ¹5

1587 1510 1625 1531 20
