1774 2782
141 509 157 540 5

120 837 158 858 10

116 1491 158 1512 20

516 129 624 166 PRO
657 130 695 165 P.
729 129 922 166 SESTIO
954 130 1170 167 ORATIO
1454 141 1503 179 55
1527 149 1584 176 118

178 239 318 276 cadere
339 239 376 275 in
400 245 554 287 tempus
576 245 750 275 nostrum
772 239 975 283 videretur,
999 239 1105 287 quod
1127 247 1192 276 aut
1214 241 1401 289 populum
1424 241 1501 277 uni-

179 317 334 341 versum
362 304 510 352 sugeret
536 310 603 340 aut
629 316 707 340 non
737 302 967 352 exprimeret
996 304 1077 352 ipse
1106 312 1224 342 actor.
1285 306 1335 342 Et
1357 319 1503 354 quaeso
1526 323 1585 354 119

179 369 254 405 hoc
275 369 374 414 loco,
399 367 560 414 iudices,
585 380 634 405 ne
662 381 739 416 qua
766 368 921 405 levitate
946 381 1010 405 me
1038 369 1201 405 ductum
1226 370 1277 406 ad
1303 369 1501 407 insolitum

177 446 301 482 genus
322 433 479 470 dicendi
506 432 583 469 labi
612 431 765 480 putem,
797 433 827 468 si
856 433 906 470 de
930 433 1065 481 poetis,
1091 434 1140 470 de
1166 433 1431 481 histrionibus,
1454 436 1503 473 de

178 498 280 535 ludis
302 497 340 533 in
362 496 509 534 iudicio
529 497 677 545 loquar.

233 564 325 600 Non
356 575 442 599 sum
472 569 551 599 tam
582 562 748 611 ignarus,
782 561 942 608 iudices,
975 575 1194 608 causarum,
1225 579 1306 602 non
1336 573 1413 603 tam
1447 565 1501 603 in·
1523 569 1575 614 56

178 629 307 665 solens
338 626 377 664 in
407 628 589 673 dicendo,
622 634 664 664 ut
693 627 802 664 omni
832 641 879 665 ex
911 640 1053 676 genere
1085 629 1301 667 orationem
1335 645 1505 679 aucuper

177 700 215 729 et
248 692 376 729 omnis
408 691 584 741 undique
619 692 803 729 flosculos
833 706 990 742 carpam
1020 701 1139 742 atque
1169 694 1354 733 delibem.
1414 695 1503 734 Scio

177 756 272 806 quid
306 756 471 806 gravitas
501 765 638 802 vestra,
673 756 768 806 quid
804 757 901 794 haec
935 757 1154 804 advocatio,
1187 759 1283 808 quid
1320 759 1381 797 ille
1411 774 1503 798 con-

177 829 326 868 ventus,
362 822 458 871 quid
490 821 658 871 dignitas
698 823 739 858 P.
775 823 886 868 Sesti,
923 821 1019 871 quid
1057 822 1219 872 periculi
1259 824 1500 873 magnitudo,

177 887 273 937 quid
301 896 418 933 aetas,
449 888 545 936 quid
576 888 703 924 honos
735 900 844 924 meus
879 889 1061 936 postulet.
1121 889 1197 926 Sed
1230 889 1324 926 mihi
1354 890 1502 939 sumpsi

177 953 253 989 hoc
274 953 362 990 loco
378 951 598 989 doctrinam
616 952 815 1001 quandam
833 951 1036 998 iuventuti,
1054 952 1118 1001 qui
1135 960 1264 990 essent
1281 953 1501 1003 optimates.

179 1018 224 1054 In
241 1030 285 1054 ea
293 1015 883 1066 explicandademonstrandum
898 1024 956 1054 est
970 1030 1050 1054 non
1065 1030 1149 1055 esse
1163 1018 1360 1067 popularis
1374 1018 1503 1056 omnis

177 1095 245 1119 eos
261 1081 328 1131 qui
344 1088 542 1131 putentur.
602 1082 649 1118 Id
671 1080 854 1118 facillime
874 1094 1103 1131 consequar,
1127 1083 1157 1119 si
1179 1082 1346 1120 universi
1368 1083 1504 1133 populi

139 1164 153 1194 5
177 1145 366 1184 iudicium
382 1160 516 1184 verum
537 1154 576 1184 et
597 1146 865 1195 incorruptum
888 1153 925 1184 et
946 1145 976 1183 si
999 1146 1157 1184 intimos
1179 1161 1316 1186 sensus
1338 1147 1503 1187 civitatis

175 1225 412 1261 expressero.

230 1276 339 1326 Quid
365 1275 435 1314 fuit
460 1277 556 1314 illud
582 1277 701 1326 quod,
726 1275 872 1314 recenti
901 1275 1041 1313 nuntio
1066 1277 1116 1314 de
1141 1276 1206 1315 illo
1234 1285 1391 1316 senatus
1413 1291 1502 1315 con-
1526 1295 1586 1317 120

176 1343 279 1380 sulto
300 1343 408 1392 quod
429 1343 576 1379 factum
598 1349 655 1379 est
677 1342 716 1378 in
743 1342 891 1390 templo
913 1340 1077 1378 Virtutis
1098 1343 1149 1379 ad
1171 1343 1284 1380 ludos
1307 1356 1501 1380 scaenam-

177 1421 253 1456 que
274 1408 434 1456 perlato,
456 1418 644 1443 consessu
661 1404 832 1442 maximo
849 1418 1027 1442 summus
1048 1407 1184 1443 artifex
1205 1414 1243 1444 et
1265 1420 1327 1444 me
1345 1408 1503 1446 hercule

177 1484 330 1520 semper
345 1470 510 1520 partium
530 1469 567 1506 in
587 1483 625 1507 re
639 1470 796 1518 publica
810 1477 889 1506 tam
907 1483 1024 1518 quam
1042 1469 1081 1506 in
1095 1483 1237 1508 scaena
1253 1472 1501 1520 optimarum,

176 1538 273 1574 flens
294 1544 331 1573 et
353 1536 497 1573 recenti
514 1534 659 1572 laetitia
680 1543 718 1572 et
740 1535 861 1571 mixto
882 1535 1018 1572 dolore
1038 1547 1083 1571 ac
1104 1534 1302 1573 desiderio
1324 1535 1411 1583 mei,
1426 1538 1503 1586 egit

174 1601 279 1651 apud
309 1601 499 1649 populum
532 1601 760 1637 Romanum
791 1600 916 1636 multo
944 1598 1185 1647 gravioribus
1216 1600 1343 1638 verbis
1374 1615 1501 1639 meam

174 1679 331 1704 causam
354 1678 472 1714 quam
489 1672 645 1715 egomet
661 1665 711 1702 de
728 1676 791 1701 me
806 1677 919 1712 agere
932 1663 1147 1712 potuissem
1163 1665 1179 1701 ?
1227 1667 1378 1703 Summi
1396 1668 1501 1704 enim

175 1739 314 1780 poetae
344 1732 545 1780 ingenium
572 1744 654 1768 non
681 1732 810 1768 solum
835 1736 915 1767 arte
941 1743 1023 1777 sua,
1044 1730 1114 1767 sed
1139 1731 1256 1768 etiam
1282 1732 1417 1770 dolore
1441 1745 1500 1769 ex-

175 1795 376 1846 primebat.
438 1796 528 1844 Qua
547 1795 653 1833 enim
674 1796 736 1833 vi:

402 1888 469 1937 qui
498 1901 578 1926 rem
610 1887 809 1937 publicam
838 1894 946 1925 certo
975 1888 1108 1924 animo
1137 1887 1337 1934 adiuverit,

282 1954 468 2000 statuerit,
502 1953 650 1991 steterit
680 1966 771 1990 cum
803 1952 1018 1989 Achivis——

173 2041 378 2079 vobiscum
400 2054 463 2079 me
484 2042 637 2079 stetisse
654 2042 823 2088 dicebat,
842 2049 990 2080 vestros
1007 2043 1164 2080 ordines
1179 2041 1474 2080 demonstrabat
1492 2044 1498 2079 Ι

216 2156 234 2175 2
259 2150 314 2175 aut
332 2156 400 2175 non
418 2146 624 2185 exprimeret
641 2156 668 2177 s,
681 2146 701 2175 l.
723 2146 766 2175 Ρ2
872 2156 891 2184 3
916 2146 978 2176 lioc
998 2146 1029 2175 in
1048 2146 1121 2176 loco
1139 2146 1244 2176 Sclml.
1347 2156 1389 2176 20
1414 2146 1444 2174 in
1464 2156 1498 2175 re

173 2189 249 2228 pub.
267 2188 457 2229 Naugerius
471 2189 522 2229 (2)
537 2200 544 2219 :
562 2189 593 2218 in
609 2199 661 2218 -TR
687 2199 746 2218 -PL·
763 2189 870 2219 Prdl.
965 2199 1002 2218 21
1024 2191 1107 2220 flens
1121 2201 1164 2219 ex
1177 2190 1266 2219 Bake
1353 2199 1393 2217 22
1413 2190 1499 2227 apud

175 2232 203 2261 G
215 2232 303 2271 vulg.
321 2234 355 2273 (ἑ,
366 2232 399 2262 Β
414 2244 420 2263 :
440 2233 531 2272 egita
545 2242 600 2262 P=R
615 2231 698 2268 PH)
713 2244 718 2261 :
741 2233 782 2262 ad
795 2232 907 2262 Asadi).
1001 2242 1041 2270 25
1066 2234 1096 2262 vi
1111 2232 1186 2263 add.
1198 2232 1344 2270 Koechly.
1359 2231 1497 2270 ,Machqu

173 2275 240 2306 edd.
258 2287 265 2305 τ
289 2275 377 2313 Quia
393 2276 482 2306 enim
501 2301 507 2307 .
527 2299 535 2306 .
558 2301 564 2307 .
579 2276 838 2307 demonstrabat,
855 2276 1073 2306 revocabatur
1086 2276 1206 2305 Klotz:
1230 2285 1329 2313 quom
1348 2275 1434 2304 enim
1456 2275 1498 2304 ita

173 2319 249 2351 (aut
275 2319 341 2357 sic)
370 2344 378 2351 .
406 2342 414 2350 .
447 2343 455 2351 .
489 2320 586 2358 dem.,
620 2330 727 2349 revoc.
758 2318 842 2349 chl
1020 2322 1062 2350 26
1095 2319 1205 2349 animo
1234 2324 1325 2349 certo
1352 2317 1499 2355 Ribbeck,

173 2361 345 2392 Eberhard
