1774 2782
255 130 305 166 33

267 306 281 339 *J

265 1429 279 1460 ⁸1

330 134 362 167 7¹
692 123 748 158 M.
782 123 949 159 TVLLI
983 122 1288 160 CICERONIS

326 244 454 280 neque
490 244 561 268 nos
601 230 841 279 provinciam
882 230 1161 269 Macedoniam
1196 244 1285 268 cum
1321 232 1489 268 exercitu
1524 243 1653 279 neque

291 309 303 328 2
326 295 543 344 equitatum
565 294 605 331 in
627 296 735 344 Syria
760 303 797 333 et
822 295 994 333 cohortis
1021 296 1189 344 optimas
1214 294 1530 344 perdidissemus.
1592 297 1654 333 In-

326 367 420 398 eunt
449 359 715 408 magistratum
747 360 892 397 tribuni
920 361 1057 410 plebis,
1077 361 1143 409 qui
1168 373 1306 398 omnes
1334 374 1374 398 se
1402 361 1452 398 de
1480 373 1543 399 me
1569 374 1653 410 pro-

326 426 565 474 mulgaturos
596 426 885 463 confirmarant.
947 426 1005 462 Ex
1040 424 1084 462 iis
1118 424 1298 474 princeps
1333 425 1474 463 emitur
1504 425 1554 463 ab
1585 424 1654 462 ini-

327 491 437 526 micis
458 489 555 527 meis
583 488 613 526 is
640 503 758 538 quem
785 489 965 528 homines
994 491 1032 527 in
1060 491 1166 527 luctu
1192 489 1405 527 inridentes
1427 491 1651 528 Gracchum
1672 503 1689 536 5

326 554 531 601 vocabant,
563 554 752 603 quoniam
784 556 823 592 id
854 554 971 592 etiam
1002 555 1125 592 fatum
1155 553 1320 592 civitatis
1351 554 1421 592 fuit
1442 562 1483 592 ut
1514 554 1578 592 illa
1607 568 1654 592 ex

327 619 542 668 vepreculis
570 627 740 657 extracta
771 619 947 657 nitedula
977 632 1057 657 rem
1088 618 1287 668 publicam
1310 626 1516 656 conaretur
1544 620 1654 657 adro-

326 685 428 721 dere.
488 685 599 721 Alter
615 697 717 728 vero,
742 698 821 721 non
840 685 902 722 ille
920 685 1106 721 Serranus
1122 683 1173 721 ab
1189 690 1324 730 aratr0‚
1344 684 1413 722 sed
1434 696 1480 721 ex
1500 684 1654 722 deserta

326 748 426 786 Gavi
452 748 553 787 Oleli
585 762 672 787 area
702 748 835 786 calatis
867 748 1000 786 Gaviis
1030 748 1069 785 in
1101 747 1302 787 Calatinos
1329 747 1471 786 Atilios
1501 748 1653 795 insitus,

325 813 467 859 subito,
491 813 719 851 nominihus
740 813 779 851 in
803 813 955 851 tabulas
983 812 1122 859 relatis,
1146 826 1291 850 nomen
1314 826 1427 850 suum
1449 814 1498 851 de
1519 813 1652 851 tabula
1675 831 1714 852 10

326 878 490 916 sustulit.
550 878 726 916 Veniunt
758 879 966 916 Kalendae
998 877 1214 916 Ianuariae.
1274 879 1356 915 Vos
1386 879 1483 915 haec
1513 879 1652 916 melius

327 942 423 980 scire
454 944 628 992 potestis,
662 944 846 992 equidem
877 944 1011 980 audita
1041 942 1155 980 dico:
1190 955 1291 991 quae
1321 949 1403 979 tum
1435 942 1654 991 frequentia

325 1016 494 1054 se1iatus‚
524 1021 625 1057 quae
653 1008 892 1057 exspectatio
920 1009 1066 1057 populi,
1096 1007 1161 1057 qui
1193 1021 1406 1045 concursus
1436 1009 1652 1057 legatorum

324 1087 370 1110 ex
393 1073 505 1110 Italia
535 1081 688 1120 cuncta,
712 1086 813 1122 quae
834 1073 964 1121 virtus,
987 1074 1102 1119 actio,
1125 1074 1290 1123 gravitas
1318 1074 1360 1110 P.
1384 1074 1540 1111 Lentuli
1562 1086 1652 1111 con-

324 1138 416 1175 sulis
439 1137 561 1184 fuerit,
586 1152 686 1187 quae
707 1138 824 1176 etiam
842 1140 1030 1188 conlegae
1052 1137 1134 1176 eius
1156 1138 1374 1176 moderatio
1396 1138 1446 1175 de
1468 1151 1552 1175 me.
1584 1137 1649 1187 qui
1674 1151 1710 1182 15

324 1217 413 1241 cum
454 1203 677 1241 inimicitias
718 1203 790 1241 sibi
827 1217 982 1242 mecum
1019 1217 1065 1241 ex
1104 1203 1157 1241 rei
1191 1202 1372 1252 publicae
1405 1202 1652 1241 dissensione

324 1277 524 1318 susceptas
555 1282 640 1306 csse
671 1268 841 1315 dixisset,
866 1283 930 1307 eas
961 1282 1001 1306 se
1032 1268 1206 1318 patribus
1237 1268 1467 1318 conscriptis
1494 1267 1589 1307 dixit
1613 1275 1651 1306 et

324 1333 568 1383 temporibus
590 1335 642 1372 rei
665 1334 846 1383 publicae
868 1333 1158 1383 permissurum.

377 1401 480 1436 Tum
504 1399 684 1448 princeps
712 1407 867 1449 rogatus
895 1400 1130 1437 sententiam
1158 1401 1200 1436 L.
1224 1400 1343 1439 Cotta
1363 1398 1459 1437 dixit
1480 1400 1519 1438 id
1540 1399 1649 1449 quod

323 1463 596 1512 dignissimum
627 1477 667 1502 re
696 1463 854 1513 publica
884 1464 965 1511 fuit,
988 1464 1085 1502 nihil
1116 1465 1166 1502 de
1193 1477 1256 1502 me
1283 1472 1414 1502 actum
1445 1477 1529 1502 esse
1554 1464 1645 1511 iure,
1670 1479 1712 1501 20

323 1528 419 1566 nihil
451 1542 558 1566 more
586 1528 789 1576 maiorum,
817 1529 913 1567 nihil
944 1530 1119 1579 legibus3
1153 1543 1233 1568 non
1264 1543 1378 1579 posse
1408 1543 1648 1579 quemquam

323 1595 372 1631 de
394 1593 550 1632 civitate
571 1596 652 1632 tolli
679 1594 762 1632 sine
790 1594 961 1643 iudicio3
991 1596 1041 1634 de
1063 1594 1190 1645 capite
1212 1609 1291 1633 non
1318 1595 1438 1633 modo
1459 1594 1556 1641 ferri,
1580 1595 1649 1633 sed

322 1672 371 1696 ne
389 1659 549 1697 iudicari
567 1659 727 1709 quidem
745 1673 860 1710 posse
876 1660 950 1698 nisi
967 1660 1136 1698 comitiis
1153 1659 1378 1698 centuriatis
1396 1675 1403 1706 ;
1432 1659 1509 1697 vim
1532 1659 1649 1698 fuisse

322 1724 438 1770 illam,
471 1725 668 1761 flammam
704 1732 910 1773 quassatae
945 1725 998 1763 rei
1038 1724 1219 1774 publicae
1253 1724 1648 1774 perturbatorumque

321 1797 542 1838 temporum
560 1804 568 1836 3
598 1789 679 1827 iure
700 1789 934 1840 iudiciisque
957 1790 1129 1836 sublatis,
1150 1803 1290 1839 magna
1306 1804 1433 1827 rerum
1454 1797 1646 1839 permuta·
1668 1801 1706 1832 25

322 1853 427 1891 tione
467 1853 732 1903 impendente,
771 1855 989 1893 declinasse
1025 1869 1087 1892 me
1118 1855 1277 1904 paulum
1308 1862 1345 1892 et
1376 1867 1443 1903 spe
1475 1854 1647 1904 reliquae

362 1967 381 1994 3
408 1957 504 1995 Quod
530 1968 648 1988 omncs
665 1982 671 1988 .
694 1983 701 1990 .
722 1982 729 1988 .
747 1959 1000 1995 confirmarant,
1025 1970 1067 1988 ex
1092 1959 1132 1989 iis
1160 1959 1238 1990 (hist
1263 1958 1295 1987 P
1316 1958 1403 1989 relh:
1430 1959 1646 1997 promulgant

320 2002 408 2039 quod
434 2011 553 2031 omnes
576 2005 626 2032 etc.
650 2002 763 2033 Madv.
909 2014 927 2041 5
961 2003 1124 2032 Graecum
1143 2003 1184 2032 k:
1210 2002 1431 2032 Gracchulum
1448 2002 1527 2032 coni.
1551 2002 1647 2032 Clark

324 2055 340 2082 7
367 2044 516 2074 nitedula
533 2045 620 2076 codd.
644 2050 674 2076 et
692 2046 792 2077 Prisc.
814 2058 820 2076 :
851 2046 955 2076 nitela
974 2045 1064 2076 Serv.
1089 2045 1135 2075 ad
1159 2045 1269 2085 Gccng.
1295 2046 1314 2077 i.
1342 2046 1396 2075 181
1489 2056 1509 2084 9
1533 2045 1646 2084 gavio-

320 2087 479 2118 laeliorea
519 2088 607 2119 codd.
628 2101 634 2119 z
681 2090 764 2119 Gavi
805 2089 893 2119 Oleli
932 2089 977 2119 ed.
1024 2089 1090 2119 R:
1136 2099 1213 2119 area
1255 2089 1355 2127 Koch,
1398 2098 1474 2118 rure
1515 2088 1645 2125 Mada,

319 2132 442 2161 horreo
473 2131 520 2162 ed.
547 2132 602 2171 R,
639 2134 737 2163 horto
772 2133 805 2164 C.
824 2133 860 2163 F.
896 2133 1098 2162 Hermann:
1138 2133 1271 2162 deserta
1309 2132 1493 2163 Gaviorum
1525 2132 1644 2164 oliveti

319 2185 398 2204 area
427 2179 511 2206 auct.
538 2176 627 2206 Koclz
652 2176 833 2206 Eberhard:
860 2176 954 2206 Gavii
982 2176 1073 2206 Ofilii
1098 2177 1196 2206 horto
1220 2175 1312 2205 Bake
1337 2175 1482 2210 iOsellae
1506 2175 1644 2216 Klotz):

321 2218 417 2248 Gavii
445 2219 649 2256 (Gaviorum,
671 2220 817 2255 Gavioli)
844 2220 972 2250 oleario
1000 2219 1161 2259 PVagner:
1186 2219 1270 2250 Gavi
1293 2220 1390 2249 horto
1408 2220 1542 2249 olitorio
1565 2221 1642 2252 coni.

321 2262 421 2293 Koch.
457 2262 588 2293 Galatis
600 2262 759 2293 Momms,
851 2274 892 2293 22
918 2274 984 2293 non
1003 2264 1102 2293 modo
1120 2263 1256 2293 iudicari
1274 2264 1333 2293 scd
1351 2273 1392 2292 ne
1412 2263 1489 2293 ferri
1506 2264 1642 2302 quidem

321 2305 460 2336 Schuetz
534 2316 575 2345 25
593 2307 731 2337 sublatis
742 2307 787 2336 sic
799 2306 948 2336 distinxit
958 2306 1103 2336 Rt'clzier:
1122 2311 1310 2345 temporum
1325 2307 1397 2336 iure
1411 2330 1418 2337 .
1436 2330 1444 2338 .
1461 2330 1468 2337 .
1485 2308 1642 2346 sublatis;

320 2359 440 2420 {agna
453 2350 539 2390 vulg.
618 2349 866 2389 permutatione
884 2349 1004 2379 PBH:
1023 2350 1275 2389 perturbatione
1296 2349 1344 2380 Gk
1359 2362 1365 2380 :
1383 2351 1643 2380 commutatione

353 2393 439 2423 amb.
