1774 2782
290 148 331 185 17
353 154 393 183 43
721 138 776 173 M.
808 137 975 172 TVLLI
1009 135 1314 173 CICERONIS

349 248 388 286 id
421 255 477 285 est
512 247 615 285 enim
649 245 903 296 privilegium.
964 246 1094 282 Nemo
1129 258 1317 294 umquam
1349 245 1459 292 tulit;
1493 245 1588 283 nihil
1619 253 1675 284 est

347 312 552 357 crudelius,
585 310 679 348 nihil
710 310 978 360 perniciosius,
1000 309 1096 346 nihil
1122 311 1229 359 quod
1261 309 1388 347 minus
1416 312 1511 348 haec
1541 310 1675 348 civitas

348 379 445 414 ferre
480 375 611 425 possit.
687 374 987 424 Proscriptionis
1024 373 1282 412 miserrimum
1323 388 1467 412 nomen
1507 375 1603 413 illud
1637 383 1674 413 et

348 440 476 478 omnis
497 441 688 478 acerbitas
717 439 863 477 Sullani
896 438 1082 488 temporis
1111 439 1206 488 quid
1232 440 1351 477 habet
1372 441 1480 489 quod
1507 439 1674 478 maxime

347 506 394 543 sit
423 505 573 555 insigne
602 506 652 543 ad
684 506 912 542 memoriam
943 504 1213 542 crudelitatis?
1248 504 1398 553 opinor,
1431 519 1598 554 poenam
1636 506 1673 542 in
1698 521 1710 528 -

284 581 327 612 44
347 570 440 608 civis
463 573 666 608 Romanos
698 569 928 607 nominatim
951 569 1035 608 sine
1064 568 1210 607 iudicio
1231 569 1495 608 constitutam.
1556 573 1673 608 Hanc

278 1431 318 1462 45

346 650 414 673 vos
450 635 572 685 igitur,
608 635 824 685 pontifices,
858 634 1003 673 iudicio
1037 642 1155 684 atque
1185 635 1416 673 auctoritate
1450 643 1575 673 vestra
1614 637 1673 673 tri-

347 702 454 738 buno
484 700 607 750 plebis
633 708 866 749 potestatem
897 699 1052 747 dabitis,
1082 707 1123 738 ut
1155 701 1394 749 proscribere
1422 700 1544 751 possit
1574 715 1672 751 quos

344 766 463 804 velit?
520 768 678 813 Quaero
700 764 803 803 enim
826 766 922 814 quid
946 765 993 803 sit
1014 764 1120 803 aliud
1143 767 1222 803 nisi
1239 765 1480 815 proscribere
1501 768 1671 804 VELiTis

345 843 531 868 IVBEATls
554 843 603 867 v'r
630 832 685 867 M.
709 832 890 867 Tvmilvs
914 842 958 868 IN
982 842 1178 870 civlTATE
1202 843 1258 869 NE
1279 843 1341 868 SIT
1366 843 1558 875 RONAQVE
1582 844 1670 870 Eivs

344 909 394 933 VT
416 908 500 933 MEA
523 908 640 933 six'r:
666 895 717 933 ita
738 895 841 933 enim
865 909 915 942 re,
933 895 1003 934 etsi
1025 895 1109 933 aliis
1125 896 1263 943 verbis,
1286 896 1385 934 tulit.
1430 899 1522 934 Hoc
1542 897 1670 946 plebei

342 960 482 999 scitum
504 963 590 998 est?
615 962 710 999 haec
728 962 797 1006 lex,
818 961 914 998 haec
935 960 1084 1009 rogatio
1106 962 1192 998 est?
1219 962 1294 998 hoc
1311 975 1379 999 vos
1400 962 1477 1012 pati
1495 962 1668 1011 potestis,

343 1027 418 1063 hoc
445 1027 542 1063 ferre
572 1025 716 1071 civitas,
746 1033 787 1063 ut
819 1024 958 1074 singuli
989 1024 1092 1063 cives
1122 1025 1282 1074 singulis
1307 1025 1505 1063 versiculis
1534 1039 1555 1064 e
1583 1026 1670 1064 civi-

342 1099 419 1129 tate
441 1092 653 1128 tollantur?
706 1090 902 1140 Equidem
926 1090 999 1128 iam
1023 1092 1249 1140 perfunctus
1271 1104 1383 1138 sum;
1409 1092 1555 1128 nullam
1578 1091 1667 1138 vim,

341 1158 491 1194 nullum
513 1156 702 1206 impetum
726 1164 884 1203 metuo3
914 1155 1065 1205 explevi
1088 1155 1241 1194 animos
1264 1156 1496 1203 invidorum,
1519 1157 1667 1206 placavi

339 1222 431 1259 odia
458 1222 737 1271 improborum,
761 1221 927 1259 saturavi
956 1221 1074 1259 etiam
1102 1221 1305 1271 perfidiam
1334 1229 1370 1259 et
1392 1223 1518 1260 scelus
1543 1222 1669 1272 prodi-

339 1294 465 1324 torum
483 1301 493 1334 3
522 1286 693 1336 denique
715 1287 764 1324 de
787 1300 873 1323 mea
898 1300 1026 1333 causa,
1049 1299 1150 1335 quae
1171 1285 1377 1324 videbatur
1399 1286 1560 1336 perditis
1581 1287 1669 1324 civi-

341 1352 412 1389 bus
441 1352 491 1389 ad
523 1351 708 1389 invidiam
740 1364 825 1389 esse
857 1350 1066 1400 proposita,
1100 1351 1176 1388 iam
1208 1364 1346 1389 omnes
1376 1351 1501 1398 urbes,
1531 1365 1668 1389 omnes

339 1417 506 1464 ordines,
534 1430 671 1454 omnes
696 1416 734 1454 di
763 1424 880 1466 atque
912 1416 1092 1455 homines
1120 1415 1399 1454 iudicaverunt.
1459 1416 1667 1455 Vobismet

339 1482 441 1536 ipsis,
466 1481 682 1532 pontifices,
712 1489 749 1519 et
780 1481 914 1519 vestris
940 1480 1069 1519 liberis
1101 1480 1318 1530 ceterisque
1343 1481 1492 1519 civibus
1517 1495 1586 1530 pro
1608 1496 1668 1520 ve-

338 1555 413 1585 stra
442 1547 673 1585 auctoritate
704 1554 741 1585 et
775 1547 965 1596 sapientia
990 1548 1196 1584 consulere
1220 1546 1384 1584 debetis.
1445 1548 1547 1584 Nam
1576 1561 1665 1584 cum

337 1614 414 1650 tam
451 1613 651 1650 moderata
683 1611 827 1650 iudicia
859 1611 991 1662 populi
1030 1611 1106 1649 sint
1139 1625 1161 1648 a
1194 1611 1407 1649 maioribus
1442 1611 1664 1659 constituta,

337 1674 503 1727 primum
522 1685 562 1715 ut
579 1691 627 1715 ne
644 1691 772 1727 poena
789 1676 926 1727 capitis
944 1691 1033 1714 cum
1053 1676 1218 1726 pecunia
1235 1676 1504 1726 coniungatur,
1523 1677 1667 1715 deinde

336 1756 384 1780 ne
420 1742 652 1792 improdicta
682 1742 746 1780 die
780 1743 867 1792 quis
899 1749 1112 1788 accusetur,
1146 1749 1187 1779 ut
1218 1749 1274 1778 ter
1302 1749 1393 1779 ante
1423 1741 1666 1791 magistratus

335 1815 491 1845 accuset
528 1807 746 1845 intermissa
776 1806 840 1845 die
876 1820 994 1856 quam
1031 1808 1193 1844 multam
1226 1805 1377 1856 inroget
1411 1814 1477 1844 aut
1507 1806 1664 1853 iudicet,

338 1880 472 1922 quarta
493 1872 542 1910 sit
564 1872 762 1911 accusatio
784 1872 928 1910 trinum
955 1871 1177 1910 nundinum
1203 1872 1381 1921 prodicta
1405 1871 1479 1918 die,
1502 1885 1582 1921 quo
1602 1873 1666 1910 die

337 1936 523 1974 iudicium
547 1937 594 1974 sit
616 1939 800 1985 futurum,
826 1945 909 1975 tum
936 1938 1058 1975 multa
1079 1938 1196 1975 etiam
1218 1938 1268 1975 ad
1290 1937 1526 1987 placandum
1548 1944 1666 1986 atque

336 2003 386 2039 ad
408 2001 713 2040 misericordiam
730 2003 804 2041 reis
825 2016 1014 2041 concessa
1035 2010 1136 2048 sunt,
1155 2001 1299 2041 deinde
1321 2001 1525 2040 exorabilis
1545 2015 1666 2051 popu-

339 2068 407 2113 lus,
432 2066 552 2105 facilis
578 2068 800 2117 suffragatio
829 2082 899 2117 pro
927 2069 1061 2114 salute,
1089 2069 1261 2117 denique
1288 2068 1416 2113 etiam,
1447 2067 1477 2105 si
1505 2081 1582 2117 qua
1606 2080 1664 2105 res

379 2180 399 2208 9
423 2170 466 2200 sit
497 2170 584 2200 aliu*
622 2171 662 2200 P¹
686 2171 788 2207 (aliud
807 2170 884 2210 H):
917 2171 944 2202 si
971 2171 1027 2202 tali
1047 2172 1077 2201 vi
1097 2171 1140 2201 P2
1159 2171 1222 2201 rell.
1336 2170 1399 2200 nisi
1425 2171 1529 2211 suppl.
1551 2170 1664 2201 Land-

331 2213 479 2253 grasi,§§
496 2224 546 2252 53,
569 2214 624 2253 54}
644 2225 650 2243 ε
674 2225 712 2244 ac
728 2215 835 2244 Halm
856 2216 887 2254 (ξ
903 2216 961 2254 51)
1013 2215 1222 2254 proscribere
1240 2213 1299 2245 del.
1318 2213 1432 2254 Lange
1566 2224 1601 2244 11
1629 2225 1664 2244 re

337 2257 400 2287 etsi
423 2256 602 2287 Mommsz
630 2257 707 2287 fecit
724 2258 752 2288 si
771 2257 858 2289 codd.
880 2258 974 2297 <fecit
991 2258 1053 2289 etsi
1078 2258 1172 2298 ku)
1235 2257 1443 2297 plebiscitum
1466 2257 1572 2287 HGbe
1586 2261 1614 2287 et
1629 2258 1664 2287 in

338 2310 403 2340 mg.
423 2303 435 2328 t
533 2311 573 2338 24
592 2300 789 2340 improdicta
807 2301 982 2333 Monetam:
1009 2303 1042 2332 in
1055 2302 1206 2341 prodicta
1227 2301 1289 2331 PG
1304 2312 1310 2331 :
1327 2301 1358 2330 in
1378 2302 1548 2340 praedicta
1561 2300 1663 2331 BtM:

337 2353 397 2381 pro
416 2343 541 2373 indicta
561 2344 653 2373 Hbc:
678 2345 802 2374 indicta
819 2344 838 2373 k
951 2355 991 2384 25
1017 2346 1134 2384 capitis
1154 2345 1277 2375 iudicet
1299 2344 1410 2384 Lange
1513 2355 1551 2383 27
1577 2344 1662 2385 tum]

337 2397 409 2416 cum
430 2386 542 2427 Lange
657 2389 697 2417 28
723 2393 800 2417 sunt
819 2388 872 2419 Mc
888 2389 987 2418 Klotz
1004 2400 1011 2419 ι
1036 2390 1104 2419 sint
1120 2387 1210 2418 codd.

1695 531 1711 552 0

1694 846 1732 866 10

1692 1173 1729 1206 Ῑ5

1689 1497 1729 1519 20

1690 1818 1726 1850 25
