1774 2782
719 126 1127 168 PRAEFATIO

269 260 325 285 ex
377 245 508 298 ipsius
548 244 642 286 cod.
683 244 726 283 P
770 242 1020 293 archetypo,
1066 247 1295 281 retractato
1347 246 1392 280 et
1439 240 1591 281 melius

269 314 500 362 intellecto,
521 327 613 352 esse
635 309 826 352 inserta.¹

326 381 556 420 Proximus
587 378 794 419 Bernensi
825 378 966 418 codici
1001 384 1065 417 est
1100 377 1317 417 Parisinus
1343 386 1494 428 14749‚
1527 378 1588 418 in-

268 456 398 490 eunte
428 448 599 490 saeculo
627 462 687 488 xv
718 454 939 498 exaratus,
967 459 1100 499 quem
1130 447 1257 499 signo
1286 448 1316 484 Σ
1347 446 1591 501 designavit

268 518 435 572 collega
457 531 577 558 meus
599 524 641 557 et
663 516 828 556 amicus
848 517 936 556 v.d.
959 515 1175 556 Albertus
1199 513 1248 554 C.
1267 514 1410 555 Clark.
1461 515 1591 556 Hunc

269 588 311 628 in
336 588 401 628 his
422 587 689 627 orationibus
710 599 734 625 e
755 586 847 626 cod.
871 585 912 624 B
932 591 1051 625 recta
1076 584 1324 624 derivatum
1349 597 1455 634 esse,
1477 591 1591 624 certa

268 671 349 710 ego
370 657 491 710 signa
511 664 644 709 atque
665 661 924 708 argumenta
944 660 1118 694 secutus
1140 667 1278 707 nuper
1298 653 1592 693 demonstravi

268 724 423 780 (Class.
457 725 615 776 Quart.
647 724 670 763 l.
698 739 731 764 c.
769 738 809 777 p.
849 722 960 777 169).
1037 722 1191 763 Habes
1227 722 1359 774 igitur
1390 722 1590 762 codicum

268 796 416 835 seriem
438 808 524 847 qua
546 808 624 848 per
643 800 862 833 sescentos
885 792 971 832 fere
992 806 1130 832 annos
1150 798 1300 832 textus
1319 791 1474 831 harum
1496 805 1590 832 ora-

267 865 434 904 tionum
456 863 546 903 sine
567 862 749 902 notabili
771 862 1022 902 diversitate
1044 860 1169 901 nobis
1190 866 1256 900 est
1272 857 1492 900 traditus.2
1553 859 1591 899 E

269 934 364 973 cod.
386 935 417 971 Σ
432 931 637 984 descripti
660 937 758 970 sunt
778 931 892 970 Parr.
914 930 1025 983 6369
1044 936 1087 970 et
1106 939 1232 981 7777,
1252 942 1328 970 nec
1344 942 1431 969 non
1451 929 1591 969 codex

268 999 696 1041 Wolfenbuttelanus
740 1009 825 1053 205
866 996 968 1053 (w):
1027 1013 1068 1040 v.
1102 1011 1214 1051 quae
1248 997 1421 1050 scripsit
1453 997 1514 1038 A.
1542 995 1588 1037 C.

268 1068 578 1118 Cla1·k‚Anecd.
600 1067 748 1120 Oxou„
761 1067 968 1109 Classical
985 1066 1137 1117 Series,
1156 1067 1257 1108 Part
1276 1068 1414 1121 X,pp.
1428 1067 1590 1107 v—xvii.

324 1138 427 1178 Plus
449 1144 594 1178 movet
610 1138 892 1178 dubitationis
909 1138 1051 1177 codex
1073 1136 1143 1176 ille
1162 1135 1487 1176 Gemblacensis
1500 1133 1591 1190 (G),

269 1220 378 1247 nunc
403 1206 696 1247 Bruxeliensis
725 1216 855 1260 5345,
881 1205 1053 1246 saeculo
1081 1205 1342 1246 duodecimo
1372 1211 1591 1256 exaratus,

270 1278 377 1318 adeo
393 1283 441 1316 ut
461 1289 548 1315 non
566 1275 669 1315 nulli
687 1274 798 1314 hunc
813 1274 1074 1316 crediderint
1095 1274 1273 1315 alterius
1294 1288 1386 1315 esse
1404 1275 1592 1315 familiae

269 1359 408 1399 neque
428 1359 452 1384 e
471 1345 565 1385 cod.
582 1343 614 1382 P
635 1344 875 1384 derivatum
898 1357 988 1385 esse
1002 1342 1042 1384 3:
1075 1342 1183 1383 nihil
1204 1344 1322 1384 enim
1339 1343 1382 1383 in
1401 1342 1434 1383 P
1456 1344 1593 1384 inesse

269 1416 385 1468 quod
408 1415 639 1454 varietates
664 1413 857 1467 explicet
884 1426 997 1465 quae
1028 1412 1073 1453 in
1095 1411 1400 1453 Gemblacensi
1430 1413 1593 1453 inveni-

269 1491 405 1530 antur,
422 1496 457 1522 e.
473 1496 513 1535 g.
531 1481 642 1523 Sest.
660 1482 681 1535 ᾧ
702 1495 753 1522 10
763 1482 951 1535 puerilis
970 1481 1023 1533 G,
1038 1481 1187 1523 virilis
1198 1480 1349 1535 ΡΒΣ,4
1365 1482 1452 1537 §41
1467 1481 1591 1535 defn-

271 1562 416 1594 turum
442 1551 492 1602 G,
511 1566 598 1593 om.
614 1551 698 1591 PB
701 1554 743 1599 Σ,
760 1551 780 1605 ᾧ
798 1550 852 1604 58
867 1550 996 1593 lanius
1015 1550 1190 1604 imperii
1200 1550 1515 1591 Mithridatem
1540 1550 1592 1600 G,

271 1621 529 1675 om.PBE‚§
549 1633 628 1673 103
647 1620 896 1661 nitebantur
913 1619 1198 1672 G‚0m.PBE.
1232 1619 1350 1674 Quin
1364 1620 1496 1660 etiam
1512 1619 1593 1660 loci

271 1691 486 1730 exsistunt
518 1691 678 1742 quibus
703 1690 893 1730 dilucide
919 1690 1219 1730 demonstrare
1245 1702 1476 1742 possumus
1500 1690 1594 1729 cod.

275 1759 313 1800 G
328 1760 490 1812 passim
508 1773 564 1798 ex
585 1759 671 1799 alio
693 1757 810 1799 fonte
832 1772 923 1798 esse
946 1764 1212 1799 correctum:
1243 1757 1395 1810 quales
1417 1763 1517 1798 sunt
1539 1759 1594 1799 de

314 1836 325 1855 ¹
349 1837 399 1868 Cf.
434 1837 595 1877 Kimmig,
625 1837 663 1868 de
698 1835 871 1868 Sestianae
909 1836 1136 1867 Ciceronianae
1172 1835 1472 1876 interpolationibus
1510 1836 1595 1876 (Fri-

270 1882 367 1920 burgi
387 1881 596 1921 Brlsgoviae,
618 1882 729 1920 1882),
749 1892 779 1920 p.
802 1892 837 1920 13
858 1890 864 1898 ·
877 1892 919 1911 ex
938 1882 1108 1911 nonnullis
1129 1880 1211 1910 locis
1229 1890 1366 1919 prorsus
1383 1881 1594 1919 perspicuum

273 1927 309 1956 fit
328 1925 524 1964 Parisinum,
548 1935 622 1954 curn
640 1925 786 1963 scriptus
803 1930 904 1964 esset,
925 1930 1045 1964 postea
1067 1925 1187 1954 iterum
1211 1924 1392 1963 diligenter
1409 1923 1592 1963 perlectum

271 1974 304 1999 et
320 1979 393 1998 cum
411 1969 476 1998 alio
494 1969 609 1998 codice
620 1979 730 1998 —cum
745 1980 784 1998 eo
798 1973 890 2007 puto,
905 1980 948 1998 ex
962 1979 1028 2008 quo
1043 1968 1232 2007 descriptus
1249 1972 1594 2007 erat—comparatum

272 2023 347 2042 esse
386 2013 432 2042 ita
471 2017 507 2041 ut
546 2022 589 2041 ex
628 2012 689 2042 hoc
727 2022 813 2050 quae
853 2013 887 2042 in
925 2012 958 2042 P
994 2013 1115 2042 omissa
1153 2016 1247 2041 erant
1284 2011 1500 2050 inferrentur,
1531 2011 1595 2041 alia

272 2055 541 2094 corrigerentur)

314 2100 326 2116 ²
352 2098 455 2129 Codd.
478 2098 563 2129 ΡΒΣ
587 2099 719 2137 plenius
737 2099 881 2129 fortasse
898 2109 998 2137 quam
1017 2108 1158 2128 necesse
1183 2102 1254 2128 erat
1278 2106 1340 2137 per
1356 2096 1544 2127 Sestianam
1563 2102 1595 2127 et

271 2142 479 2172 Vatinianam
500 2143 770 2182 commemoravi,
786 2143 906 2181 partim
926 2147 961 2173 ut
978 2143 1118 2172 aliorum
1137 2152 1270 2172 errores
1286 2141 1502 2180 corrigerem,
1522 2151 1595 2180 par-

271 2186 330 2215 tim
349 2196 390 2215 eo
407 2186 548 2215 consilio
565 2190 601 2215 ut
618 2186 650 2215 in
665 2186 748 2216 locis
767 2187 875 2216 adhuc
894 2186 1006 2217 dubiis
1019 2187 1277 2216 consensionem
1298 2186 1415 2215 horum
1438 2185 1593 2215 librorum

273 2229 399 2259 diserte
416 2229 609 2259 indicarem.

315 2271 328 2290 ³
351 2283 381 2303 V.
399 2282 483 2311 quae
502 2272 638 2310 scripsit
657 2272 775 2302 Daniel
793 2273 943 2312 Serruys
962 2272 1132 2312 (Ciceron,
1159 2271 1196 2302 de
1219 2272 1346 2313 Domo)
1370 2272 1402 2302 in
1425 2270 1536 2301 Revue
1560 2270 1595 2300 de

272 2315 650 2354 l‘instructionpublique
666 2326 702 2345 en
719 2316 884 2356 Belgt'q11e‚
905 2327 996 2356 1900,
1015 2327 1070 2355 pp.
1086 2317 1224 2354 387—94.

316 2359 326 2375 ⁴
352 2359 476 2389 Firmat
491 2359 689 2389 vocabulum
701 2360 835 2399 puerilis
850 2361 1051 2391 scholiastae
1066 2359 1242 2389 Bobiensis
1258 2359 1450 2398 auctoritas,
1465 2363 1498 2388 et
1515 2367 1595 2387 sane

273 2403 426 2433 veritatis
443 2407 556 2432 notam
574 2412 654 2441 prae
670 2413 707 2433 se
725 2403 798 2434 sert.

903 2448 966 2485 viii
