1774 2782
267 154 346 192 511
680 145 735 181 Μ.
767 144 935 180 TVLLI
968 143 1274 182 CICERONIS

252 466 287 488 12

254 1700 290 1730 Ι3

310 254 460 293 diceres
494 254 673 304 cogitare.
735 254 893 302 Quaero
924 253 994 291 abs
1026 260 1064 291 te
1095 261 1282 292 teneasne
1314 255 1513 304 memoria,
1546 269 1637 296 cum

312 322 352 357 P.
377 319 525 358 Sestius
546 326 729 369 quaestor
759 318 805 356 sit
833 318 985 356 cunctis
1011 318 1199 368 suffragiis
1221 320 1357 367 factus,
1380 327 1474 359 tunc
1501 328 1539 360 te
1562 321 1638 367 vix,

310 383 440 421 invitis
456 383 652 430 omnibus,
669 397 749 422 non
766 383 901 433 populi
920 382 1115 421 beneficio
1133 385 1203 421 sed
1219 383 1402 431 consulis,
1421 392 1637 423 extremum

310 449 568 487 adhaesisse?
596 449 636 487 in
657 462 704 487 eo
726 448 951 498 magistratu
973 461 1062 486 cum
1080 448 1150 486 tibi
1168 461 1312 499 magno
1333 451 1503 488 clamore
1522 463 1638 500 aqua-

311 514 365 551 ria
386 513 586 564 provincia
608 521 710 551 sorte
732 512 944 562 obtigisset,
969 514 1163 552 missusne
1184 513 1235 551 sis
1255 527 1278 551 a
1299 527 1362 552 me
1382 516 1545 554 consule
1567 517 1638 553 Pu·
1659 531 1676 562 5

311 579 447 625 teolos·‚
480 586 522 616 ut
553 580 645 617 inde
675 591 813 616 aurum
844 579 1035 627 exportari
1066 586 1352 628 argentumque
1382 579 1639 629 prohiberes?

312 645 349 680 in
383 656 431 681 eo
463 643 622 693 negotio
653 656 743 681 cum
775 650 813 681 te
843 656 923 680 non
953 644 1160 681 custodem
1191 644 1242 682 ad
1272 643 1544 691 continendas,
1567 646 1638 683 sed

312 709 538 758 portitorem
569 709 619 745 ad
650 707 874 757 partiendas
905 708 1044 746 mercis
1074 707 1238 746 missum
1269 716 1435 757 putares,
1468 721 1639 758 cumque

311 772 490 810 omnium
530 773 684 818 domos,
718 773 942 821 apothecas,
985 772 1093 810 navis
1132 772 1374 811 furacissime
1414 781 1635 821 scrutarere‚

311 837 573 887 hominesque
607 836 739 886 negoti
770 836 938 886 gerentis
974 836 1127 875 iudiciis
1161 837 1416 887 iniquissimis
1450 837 1635 886 inretireS,
1662 859 1700 880 10

311 910 547 941 mercatores
578 916 598 940 e
623 902 709 940 navi
733 902 970 952 egredientis
991 910 1164 950 terreres,
1187 902 1492 942 conscendentis
1516 917 1638 942 mora-

312 982 404 1015 rere,
438 976 624 1006 teneasne
660 967 849 1006 memoria
884 967 953 1005 tibi
986 969 1024 1005 in
1057 975 1255 1005 conventu
1291 968 1465 1006 Puteolis
1499 982 1638 1007 manus

311 1048 396 1072 esse
421 1035 582 1080 adlatas,
605 1035 655 1071 ad
685 1046 747 1071 me
777 1034 980 1071 consulem
1009 1034 1186 1082 querelas
1216 1035 1521 1072 Puteolanorum
1554 1047 1638 1072 esse

311 1100 489 1137 delatas?
530 1106 617 1147 post
652 1105 901 1147 quaesturam
935 1097 1123 1135 exierisne
1157 1099 1306 1147 legatus
1340 1097 1379 1135 in
1414 1098 1636 1137 ulteriorem

313 1163 549 1213 Hispaniam
572 1164 616 1202 C.
641 1164 841 1202 Cosconio
862 1176 932 1213 pro
952 1164 1144 1201 consule?
1173 1176 1263 1200 curn
1286 1164 1382 1201 illud
1403 1162 1474 1201 iter
1496 1164 1637 1215 Hispa·
1661 1183 1699 1214 15

312 1229 448 1266 niense
469 1228 637 1278 pedibus
664 1229 742 1266 fere
769 1228 911 1266 confici
933 1229 1066 1274 soleat,
1090 1235 1168 1274 aut,
1191 1228 1221 1266 si
1243 1227 1309 1278 qui
1331 1229 1512 1278 navigare
1532 1229 1634 1276 velit,

310 1301 413 1331 certa
436 1292 484 1331 sit
505 1293 604 1330 ratio
625 1292 845 1342 navigandi,
867 1292 1072 1331 venerisne
1099 1292 1138 1330 in
1167 1291 1386 1331 Sardiniam
1407 1300 1526 1343 atque
1547 1293 1639 1332 inde

312 1358 350 1396 in
373 1358 575 1396 Africam?
604 1357 783 1404 fuerisne,
804 1359 911 1407 quod
933 1359 1016 1395 sine
1037 1365 1196 1396 senatus
1217 1359 1399 1395 consulto
1419 1357 1489 1396 tibi
1513 1360 1638 1397 facere

310 1436 389 1461 non
413 1423 532 1469 licuit,
556 1422 594 1459 in
616 1435 736 1472 regno
763 1422 1019 1472 Hiempsalis‚
1041 1421 1209 1460 fuerisne
1234 1421 1274 1459 in
1295 1435 1415 1471 regno
1442 1424 1639 1462 Mastane-

312 1489 403 1535 sosi,
435 1487 639 1526 venerisne
672 1489 723 1526 ad
755 1488 895 1525 fretum
928 1500 996 1537 per
1029 1486 1348 1525 Mauretaniam?
1388 1500 1506 1536 quern
1539 1488 1637 1526 scias
1659 1507 1699 1528 20

310 1567 500 1603 umquam
536 1554 707 1603 legatum
744 1551 1055 1602 Hispaniensem
1096 1553 1177 1590 istis
1216 1551 1419 1590 itineribus
1454 1551 1493 1589 in
1532 1553 1637 1591 illam

310 1618 550 1668 provinciam
582 1618 834 1668 pervenisse?

366 1685 507 1721 Factus
528 1696 570 1721 es
590 1683 769 1720 tribunus
790 1681 1069 1733 plebis—quid
1096 1682 1201 1721 enirn
1229 1690 1266 1720 te
1291 1684 1341 1721 de
1367 1682 1639 1733 Hispaniensi-

311 1749 384 1787 bus
402 1749 554 1799 flagitiis
571 1750 646 1786 tuis
667 1747 1025 1798 sordidissimisque
1042 1748 1151 1786 furtis
1172 1749 1438 1798 interrogem?
1479 1750 1638 1798 Quaero

310 1816 380 1853 abs
401 1823 440 1853 te
460 1815 629 1864 primum
658 1815 837 1852 universe
858 1814 966 1863 quod
993 1827 1116 1863 genus
1137 1813 1398 1864 improbitatis
1423 1821 1460 1851 et
1482 1813 1638 1852 sceleris
1659 1831 1698 1861 25

310 1881 350 1918 in
384 1894 432 1918 eo
464 1879 687 1929 magistratu
718 1878 1052 1928 praetermiseris?
1108 1881 1168 1916 Ac
1199 1878 1270 1917 tibi
1302 1878 1378 1916 iarn
1409 1878 1502 1917 inde
1533 1892 1639 1929 prae-

312 1944 442 1983 scribo
462 1957 512 1983 ne
533 1952 618 1982 tuas
640 1943 765 1982 sordis
786 1957 876 1981 curn
905 1943 1207 1982 clarissimorum
1238 1943 1406 1982 virorum
1430 1945 1639 1993 splendore

311 2010 559 2060 permisceas.
618 2010 703 2059 Ego
724 2016 761 2047 te
784 2022 1059 2059 quaecumque
1076 2008 1222 2058 rogabo
1242 2010 1293 2046 de
1313 2016 1351 2046 te
1372 2007 1458 2057 ipso
1478 2008 1635 2058 rogabo,

311 2088 442 2124 neque
469 2082 507 2112 te
537 2087 582 2112 ex
606 2072 836 2123 amplissimi
864 2073 932 2110 viri
960 2074 1161 2122 dignitate,
1186 2074 1256 2111 sed
1283 2085 1330 2111 ex
1359 2072 1436 2110 tuis
1465 2073 1637 2112 tenebris

311 2139 536 2185 extraham3
566 2139 778 2187 omniaque
795 2150 883 2175 mea
903 2138 980 2175 tela
996 2138 1050 2175 sic
1071 2136 1110 2174 in
1133 2144 1170 2174 te
1191 2137 1436 2175 conicientur
1456 2145 1498 2175 ut
1519 2151 1637 2176 nemo
1657 2154 1698 2185 30

310 2217 378 2253 per
407 2211 518 2241 tuum
549 2204 659 2248 latus,
690 2203 798 2251 quod
828 2203 930 2240 soles
961 2201 1103 2248 dicere,
1133 2201 1351 2250 saucietur3
1382 2201 1421 2239 in
1452 2203 1527 2240 tuis
1557 2204 1637 2252 pul-

348 2318 366 2344 4
385 2317 505 2346 magno
520 2307 668 2337 clamore
680 2317 747 2336 om.
764 2305 872 2336 Sclzol.
945 2315 980 2336 11
1001 2310 1149 2336 terreres
1161 2306 1341 2336 conscend.
1355 2306 1460 2347 suppl.
1472 2307 1504 2336 in
1516 2317 1582 2347 mg.
1597 2303 1639 2336 Ρ2

315 2360 351 2387 15
377 2360 511 2388 procos
533 2349 632 2380 ΡΒΣ.
682 2348 776 2379 Num
793 2349 1006 2388 proconsuli?
1032 2349 1067 2388 qf
1093 2349 1180 2380 Verr.
1200 2350 1232 2380 ii.
1254 2360 1282 2387 1,
1301 2352 1316 2387 ξ
1337 2360 1400 2388 34;
1436 2350 1520 2380 Cael.
1543 2353 1557 2386 ξ
1577 2359 1635 2388 73;

310 2392 396 2424 Pltil.
424 2394 457 2432 ii,
485 2395 499 2429 ξ
525 2403 590 2432 97:
628 2392 673 2423 Cl.
702 2392 765 2431 Qu.
793 2392 834 2423 iv.
864 2402 944 2432 1753
980 2393 1039 2423 sed
1059 2403 1085 2424 v.
1116 2391 1304 2423 Thesaurus
1327 2393 1369 2424 iv.
1395 2395 1468 2432 567,
1495 2404 1537 2432 29
1559 2403 1631 2433 sqq.

315 2439 354 2466 16
379 2437 406 2466 si
425 2437 480 2476 qui
499 2436 604 2476 suppl.
626 2447 650 2466 s.
666 2437 685 2466 Ι.
706 2435 767 2467 P2:
794 2437 820 2466 si
839 2437 914 2476 quis
931 2447 959 2475 s,
977 2436 1085 2466 Burn.
1108 2447 1167 2475 157
1267 2447 1310 2467 20
1334 2437 1567 2468 mauretiniam
1585 2436 1635 2466 P:

311 2483 547 2512 mauritaniam
570 2480 627 2510 ΒΣ
644 2481 695 2511 all.
811 2482 851 2510 26
876 2480 938 2510 iarn
958 2486 1034 2510 ante
1055 2481 1144 2511 Koclz
