1774 2782
222 137 264 175 17
285 134 324 173 58
654 129 710 165 M.
742 127 910 165 TVLLI
943 127 1250 166 CICERONIS

225 581 263 614 39

224 1429 265 1459 40

284 245 490 288 exceptum
521 237 739 285 videretur,
771 237 801 275 si
833 244 943 284 esset,
977 244 1109 275 tamen
1140 238 1178 275 in
1212 238 1368 276 foedere
1398 238 1494 277 nihil
1525 253 1609 278 esse

284 311 441 341 cautum
464 310 613 353 praeter
640 315 803 352 pacemg
834 303 1013 341 additum
1042 315 1127 341 esse
1154 302 1270 341 etiam
1299 304 1406 351 illud,
1429 311 1472 342 ut
1496 304 1611 343 maie-

284 376 424 406 statem
452 368 504 405 illi
533 376 705 406 nostram
735 380 965 406 conservare
993 368 1193 414 deberent,
1218 381 1319 417 quae
1339 376 1443 407 certe
1464 369 1612 408 minue-

285 441 387 472 retur
421 433 451 471 si
479 440 545 472 aut
573 433 817 471 adiutoribus
844 433 997 471 illorum
1028 433 1178 471 civibus
1206 434 1261 471 uti
1289 433 1327 471 in
1353 433 1465 472 bellis
1496 434 1611 473 nobis

285 513 364 537 non
386 499 516 537 liceret
538 507 603 537 aut
625 498 771 548 praemi
800 498 997 536 tribuendi
1025 505 1260 548 potestatem
1283 500 1430 537 nullam
1453 500 1611 538 habere-

286 578 382 602 muS.
443 565 562 603 Nunc
591 578 682 602 vero
710 563 805 613 quid
834 577 906 613 ego
937 572 1073 602 contra
1101 564 1320 603 Gaditanos
1351 566 1497 615 loquar,
1521 579 1610 603 cum

285 630 324 669 id
359 631 468 680 quod
503 631 675 668 defendo
712 631 913 667 voluntate
953 643 1099 676 eorum,
1138 631 1379 678 auctoritate,
1416 630 1611 681 legatione

284 696 368 745 ipsa
398 695 704 745 comprobetur?
745 694 810 744 qui
841 708 863 732 a
894 694 1085 744 principio
1116 694 1174 732 sui
1204 695 1356 745 generis
1385 703 1451 734 aut
1481 697 1611 735 studio

285 763 336 799 rei
363 760 543 810 publicae
564 759 617 802 †ii
639 760 690 798 ab
712 761 819 798 omni
849 759 979 798 studio
1005 773 1202 810 sensuque
1225 763 1446 799 Poenorum
1469 761 1611 800 mentis

284 839 372 864 suas
399 827 449 864 ad
479 833 654 863 nostrum
684 825 890 875 imperium
919 838 1148 875 nomenque
1176 827 1390 873 flexerunt;
1420 828 1497 876 qui,
1521 840 1610 864 cum

285 893 453 929 maxima
487 891 589 929 bella
625 891 739 928 nobis
780 890 1023 937 inferrentur,
1062 890 1271 928 moenibus
1310 892 1448 928 hostem
1487 893 1612 930 exclu-

285 965 427 1002 serunt,
467 956 655 994 classibus
696 956 860 994 insecuti
901 963 1002 1002 sunt,
1039 955 1270 1005 corporibus
1309 956 1450 1006 opibus
1489 956 1612 1006 copiis

285 1023 544 1072 depulerunt;
576 1021 641 1071 qui
664 1028 701 1059 et
719 1028 887 1059 veterem
912 1022 1016 1058 illam
1034 1020 1206 1070 speciem
1229 1022 1396 1059 foederis
1420 1022 1612 1060 Marciani

286 1100 439 1136 semper
477 1086 584 1125 omni
627 1087 860 1124 sanctiorem
901 1099 989 1123 arce
1030 1087 1236 1133 duxerunt,
1273 1093 1310 1124 et
1345 1087 1421 1124 hoc
1456 1087 1613 1125 foedere

287 1152 415 1192 Catuli
442 1159 679 1201 senatusque
705 1152 934 1189 auctoritate
964 1165 1004 1189 se
1033 1150 1241 1189 nobiscum
1269 1151 1612 1190 coniunctissimos

286 1231 370 1256 esse
407 1217 579 1256 arbitrati
620 1225 736 1265 sunt;
788 1230 954 1267 quorum
997 1216 1164 1263 moenia,
1207 1216 1380 1263 delubra,
1421 1230 1532 1267 agros
1571 1225 1613 1255 ut

288 1285 480 1322 Hercules
511 1284 693 1321 itinerum
724 1296 768 1320 ac
800 1283 978 1321 laborum
1011 1296 1182 1328 suorum,
1212 1282 1267 1320 sic
1297 1282 1461 1321 maiores
1492 1283 1613 1321 nostri

287 1348 421 1398 imperi
443 1362 487 1386 ac
517 1350 686 1387 nominis
712 1348 846 1398 populi
878 1350 1048 1386 Romani
1080 1347 1266 1386 terminos
1288 1362 1373 1386 esse
1394 1350 1611 1387 voluerunt.

285 1416 496 1452 Testantur
535 1422 572 1452 et
612 1421 785 1451 mortuos
821 1421 976 1451 nostros
1013 1413 1277 1463 imperatores,
1316 1426 1482 1462 quorum
1521 1413 1614 1451 vivit

286 1481 514 1517 immortalis
546 1480 734 1517 memoria
765 1486 802 1517 et
830 1478 961 1529 gloria,
994 1478 1208 1529 Scipiones,
1234 1480 1386 1525 Brutos,
1412 1478 1611 1524 Horatios,

285 1545 454 1591 Cassios,
478 1546 669 1591 Metellos,
691 1552 728 1583 et
749 1546 854 1582 hunc
874 1553 1117 1595 praesentem
1138 1546 1208 1584 Cn.
1232 1544 1476 1594 Pompeium,
1495 1558 1613 1594 quem

286 1612 420 1660 procul
433 1611 483 1649 ab
498 1610 651 1649 illorum
668 1611 876 1649 moenibus
891 1625 978 1649 acre
1000 1618 1038 1649 et
1052 1623 1237 1660 magnum
1252 1611 1398 1648 bellum
1413 1617 1613 1659 gerentem

286 1685 508 1715 commeatu
549 1677 796 1726 pecuniaque
843 1677 1033 1723 iuverunt,
1076 1684 1113 1714 et
1155 1677 1231 1714 hoc
1271 1683 1446 1725 tempore
1486 1676 1613 1725 ipsum

286 1744 474 1792 populum
509 1744 747 1789 Romanum,
785 1755 903 1792 quem
937 1742 975 1779 in
1009 1741 1168 1779 caritate
1199 1754 1391 1787 annonae,
1425 1748 1466 1778 ut
1499 1753 1615 1789 saepe

285 1816 374 1846 ante
396 1810 576 1854 fecerant,
604 1810 800 1846 frumento
820 1807 1072 1858 suppeditato
1088 1808 1273 1852 levarunt,
1293 1820 1333 1844 se
1354 1807 1429 1844 hoc
1450 1805 1508 1843 ius
1530 1818 1614 1844 esse

286 1874 393 1919 velle,
425 1880 466 1910 ut
497 1872 569 1910 sibi
603 1880 640 1911 et
674 1872 815 1919 liberis,
847 1873 876 1910 si
909 1873 975 1922 qui
1006 1871 1146 1910 eximia
1175 1871 1315 1909 virtute
1345 1870 1468 1917 fuerit,
1498 1870 1546 1908 sit
1576 1869 1615 1907 in

329 1986 348 2014 3
368 1986 569 2007 conservare
589 1976 765 2006 Mamtlz‘us
782 1987 788 2005 z
806 1985 943 2005 servare
959 1974 1045 2005 codd.
1136 1986 1156 2013 9
1175 1974 1225 2011 †ii
1242 1975 1358 2015 scripsi
1369 1975 1446 2013 (om.
1460 1973 1589 2013 kuw)
1608 1985 1616 2005 z

287 2021 318 2051 hi
332 2020 364 2050 Β
379 2032 384 2050 :
409 2026 464 2050 aut
484 2021 537 2061 (ae
558 2020 644 2059 Hbc)
665 2019 775 2050 studio
795 2019 841 2049 rei
858 2019 934 2058 pub.
950 2019 972 2048 ii
990 2018 1057 2049 secl.
1073 2018 1205 2048 Baiter:
1229 2023 1284 2048 aut
1301 2028 1365 2047 om.
1383 2017 1451 2055 GE,
1466 2018 1564 2056 quiet
1575 2017 1617 2048 iis

287 2064 367 2105 this]
387 2070 448 2104 pro
467 2064 487 2094 ii
511 2068 664 2104 ponunt:
690 2073 728 2093 ac
748 2063 795 2092 rei
814 2073 857 2102 p.‚
880 2062 911 2092 id
930 2067 982 2093 est
996 2062 1102 2100 Klotz,
1124 2061 1227 2092 Reid:
1253 2061 1301 2091 sui
1323 2061 1459 2100 generis
1481 2060 1616 2092 fastidio

288 2108 371 2147 rapti
390 2106 501 2138 Paul:
530 2108 600 2138 sive
621 2117 747 2147 genere
766 2107 836 2136 sive
854 2106 965 2137 studio
983 2106 1031 2136 rei
1049 2117 1081 2145 p.
1100 2106 1191 2136 ducti
1213 2104 1364 2135 Weidner
1452 2114 1486 2134 11
1514 2104 1616 2135 infer-

288 2156 403 2182 rentur
419 2151 459 2181 bk
474 2151 551 2181 Par.
574 2162 658 2190 7774
675 2163 681 2181 ε
708 2151 868 2187 serentur,
890 2150 1058 2180 ferrentur
1074 2148 1161 2179 codd.
1178 2149 1253 2188 pler.
1304 2149 1435 2178 hostem
1453 2148 1616 2188 supplevi:

288 2195 501 2231 inferrentur,
529 2194 611 2235 (eos
636 2205 655 2225 a
680 2195 801 2233 quibus
826 2192 1053 2235 inferrentur>
1078 2192 1253 2223 moenibus
1273 2191 1411 2222 Madv.:
1438 2191 1616 2230 Magonem

289 2239 376 2278 (Liv.
398 2238 513 2269 xxviii.
538 2248 576 2276 37
586 2242 590 2249 ‘¹
616 2238 789 2268 moenibus
810 2236 960 2267 lVeidner
1070 2247 1106 2274 14
1133 2246 1209 2266 arce
1225 2235 1276 2266 P:
1300 2240 1371 2265 arte
1387 2235 1439 2265 Bb
1456 2234 1509 2265 all.
1528 2247 1534 2265 :
1559 2245 1616 2265 ara

289 2282 410 2313 Lamb.
427 2293 434 2312 ε
451 2282 525 2312 iure
544 2281 691 2321 Kraffirt
782 2291 818 2319 17
844 2281 999 2310 itinerum
1017 2279 1148 2311 HGE&-
1164 2278 1317 2310 Mueller:
1336 2279 1408 2317 ipse
1423 2279 1533 2308 inrum
1549 2277 1615 2308 P¹z

290 2327 362 2365 ipse
374 2324 652 2355 viriumP2rell.:
680 2324 924 2364 ipseitinerum
940 2323 1049 2361 Orelli,
1063 2322 1166 2353 Reid:
1192 2322 1265 2362 ipse
1277 2322 1444 2352 Hercules
1456 2323 1616 2353 itinerum

293 2370 310 2399 l>
323 2369 368 2399 ed.
388 2369 427 2398 R.
522 2379 563 2399 20
582 2368 739 2398 memoria
754 2373 787 2398 et
801 2368 907 2405 gloria
919 2367 1060 2397 HGEbk·
1074 2366 1195 2405 (gloria
1209 2371 1242 2396 et
1259 2365 1413 2406 mem.c):
1433 2365 1615 2396 memoriae

294 2413 399 2451 gloria
421 2412 454 2441 P
473 2412 534 2442 rell.
582 2412 756 2451 Horatios,
781 2410 933 2451 Cassios]
958 2410 1097 2440 Flaccos
1114 2409 1275 2449 (Garum,
1293 2410 1435 2440 Crassos
1454 2409 1613 2449 (Manui.)

294 2467 333 2495 23
351 2457 459 2494 ipsum
474 2455 515 2486 62
531 2467 537 2486 z
556 2456 627 2494 ipso
640 2455 743 2485 Prell.
834 2457 875 2484 26
895 2454 1018 2484 suerint
1030 2452 1117 2484 codd.
1126 2453 1324 2493 praeterPB
1336 2453 1472 2494 <suerint
1483 2453 1550 2483 sint
1562 2452 1615 2493 H)

1634 842 1672 864 10

1636 1165 1672 1197 15

1636 1490 1674 1511 20

1637 1817 1673 1848 25
