1774 2782
654 546 1125 596 PRAEFATIO

287 691 577 732 ORATIONES
599 692 793 732 editurus
811 706 922 745 quae
946 692 987 732 in
1002 692 1083 733 hoc
1099 692 1320 733 volumine
1334 692 1553 733 continen-

226 767 296 801 tur
328 761 417 800 iure
446 774 616 814 possem
646 775 754 814 opus
784 762 1024 802 detrectare
1048 762 1207 815 quieta,
1230 768 1277 802 ut
1308 762 1369 802 ita
1398 762 1554 812 dicam,

228 830 426 870 movendi
449 836 492 870 et
515 830 828 870 controversias
858 844 996 884 paene
1023 831 1188 885 sopitas
1216 831 1340 884 quasi
1363 846 1386 872 e
1406 831 1552 872 cineri-

226 897 305 938 bus
323 898 574 939 suscitandi.
638 897 726 939 Sed
742 912 795 938 ne
807 899 958 940 videar
976 913 1065 939 rem
1080 900 1427 952 praetermittere
1443 913 1553 953 quae

224 968 426 1008 omnibus
449 968 578 1008 debet
605 981 733 1009 curae
763 982 855 1008 esse
879 968 954 1022 qui
976 967 1198 1010 ‘altiorem
1215 968 1225 986 '
1243 984 1374 1023 quam
1396 976 1552 1011 vocant

226 1043 364 1077 artem
398 1037 588 1077 criticam
622 1043 867 1086 exerceant,
899 1037 1086 1077 breviter
1121 1038 1452 1079 admonendum
1487 1046 1552 1079 est

224 1118 308 1145 non
331 1118 482 1145 omnes
507 1118 679 1159 semper
711 1110 758 1144 ut
778 1119 877 1145 vere
906 1105 1130 1146 Tullianas
1151 1120 1176 1147 a
1199 1106 1433 1161 philologis
1454 1121 1550 1161 pro-

225 1173 349 1214 batas
391 1187 496 1215 esse.
559 1172 674 1214 Sane
715 1174 939 1227 praecedit
979 1174 1058 1215 has
1099 1176 1317 1216 orationes
1353 1176 1396 1216 in
1429 1175 1549 1217 libris

225 1242 527 1296 manuscriptis
542 1242 804 1282 declamatio
826 1242 988 1296 ‘pridie
1008 1257 1141 1296 quam
1164 1243 1206 1282 in
1227 1243 1409 1284 exilium
1432 1244 1511 1284 iret
1527 1243 1549 1295 ’,

221 1324 332 1363 quae
363 1311 520 1364 pariter
552 1324 650 1351 cum
684 1310 759 1350 illa
790 1310 833 1350 in
866 1310 1124 1352 Sallustium
1156 1312 1374 1353 invectiva
1400 1313 1548 1354 statim

220 1379 299 1419 sub
323 1386 492 1420 renatas
515 1379 694 1428 litteras,
716 1384 763 1419 ut
786 1379 847 1419 ait
862 1377 1092 1430 Gesnerus,
1106 1381 1257 1433 agnita
1278 1386 1322 1421 et
1339 1382 1547 1423 damnata

221 1455 311 1488 est:
343 1448 454 1488 inter
470 1461 583 1501 quae
604 1448 750 1501 spuria
770 1447 1079 1501 subditivaque
1100 1463 1233 1502 opera
1254 1456 1297 1490 et
1317 1464 1546 1503 germanos

220 1517 350 1557 Tullii
373 1517 507 1558 nostri
531 1517 663 1557 libros
680 1523 895 1569 quantum
917 1517 1083 1558 intersit
1097 1517 1165 1558 vel
1183 1518 1343 1571 raptim
1365 1518 1546 1572 legenti-

219 1586 298 1626 bus
335 1587 539 1627 continuo
572 1585 812 1639 apparebit.
891 1584 979 1626 Sed
1011 1586 1110 1639 plus
1140 1586 1441 1637 dubitationis,
1470 1602 1546 1629 nec

218 1655 308 1694 sine
340 1668 481 1702 causa,
513 1654 663 1694 attulit
693 1654 892 1706 quaestio
925 1654 999 1695 illa
1020 1654 1210 1708 primum
1231 1669 1258 1696 a
1281 1655 1544 1697 Marklando

218 1723 414 1763 instituta
439 1722 600 1776 (1745),
622 1722 722 1762 dein
749 1736 775 1763 a
797 1722 846 1762 F.
870 1723 928 1762 A.
953 1721 1115 1763 Wolfio
1138 1722 1314 1777 longius
1340 1732 1546 1777 provecta

217 1791 255 1847 (1
266 1792 487 1846 801)‚num
504 1792 593 1832 iure
608 1791 753 1831 Tullio
767 1791 1073 1832 attribuendae
1085 1791 1181 1844 sint,
1198 1799 1244 1832 ut
1259 1806 1371 1845 quae
1386 1793 1545 1835 iudicio

216 1868 258 1901 et
281 1861 525 1902 elocutione
546 1861 738 1914 perfecto
760 1867 931 1901 oratore
952 1874 1104 1913 parum
1125 1861 1356 1901 videantur
1377 1863 1544 1916 dignae,

215 1936 422 1983 quattuor
453 1929 553 1970 illae
583 1930 801 1971 orationes
829 1943 941 1982 quae
967 1929 1260 1969 inscribuntur
1282 1929 1385 1971 Post
1410 1930 1542 1971 Redi-

215 2006 307 2040 tum
339 1999 383 2039 in
415 1997 597 2048 Senatu,
626 1999 730 2039 Post
764 1997 973 2037 Reditum
1004 1997 1060 2037 ad
1090 1996 1296 2051 Quirites,
1316 1999 1373 2039 de
1396 1998 1543 2040 Domo

214 2082 292 2109 sua
313 2068 367 2108 ad
388 2066 633 2114 Pontifices,
656 2068 710 2107 de
730 2066 1022 2120 Haruspicum
1038 2065 1270 2120 Responso
1288 2067 1393 2121 (-is).
1441 2068 1542 2122 Ipse

214 2136 398 2178 Wolfius
415 2151 487 2178 eas
503 2138 557 2178 de
571 2136 729 2190 quibus
745 2136 888 2190 agitur
901 2136 1120 2176 orationes
1139 2149 1190 2176 eo
1208 2135 1386 2177 consilio
1401 2137 1542 2178 edidit

213 2213 260 2246 ut
282 2206 427 2247 Tullio
449 2206 770 2259 indignissimas
785 2219 876 2246 esse
889 2206 1207 2246 demonstraret
1224 2212 1267 2246 et
1281 2220 1307 2246 a
1323 2206 1537 2247 declama-

213 2280 305 2315 tore
319 2275 465 2328 aliquo
474 2276 544 2317 vel
556 2275 787 2316 exercendi
800 2274 868 2315 vel
883 2274 1130 2315 ostentandi
1144 2274 1436 2327 ingeniicausa
1449 2288 1541 2314 6556

212 2344 490 2397 conscriptaS.
545 2344 791 2385 Marklandi
817 2344 1085 2396 argumentis
1100 2344 1320 2396 respondit
1335 2357 1391 2384 ex
1406 2342 1540 2383 altera

212 2420 333 2465 parte
349 2415 575 2467 disputans
590 2414 654 2454 vir
667 2414 943 2456 doctissimus
962 2413 993 2453 I.
1012 2413 1070 2453 M.
1089 2411 1305 2454 Gesnerus
1321 2410 1538 2466 (1753-4)‚

852 2494 895 2522 ιιι
