1774 2782
147 535 164 567 5

524 155 633 193 PRO
665 156 706 192 P.
736 154 928 193 SESTIO
959 154 1176 192 ORATIO
1456 154 1510 190 62

187 276 399 302 commune
419 272 533 310 esset,
556 263 787 313 dignitatem
809 263 1018 313 propinqui
1040 263 1098 301 sui
1122 271 1292 302 mentem
1310 277 1333 302 a
1354 264 1509 302 Clodia—

187 329 245 365 nis
263 328 474 366 latrociniis
495 327 717 375 reflexisset,
740 341 912 377 cumque
933 341 1022 366 eum
1043 329 1094 366 ad
1115 327 1321 366 domestici
1343 328 1509 377 exempli

186 393 416 431 memoriam
437 400 475 431 et
495 394 545 431 ad
567 392 769 431 Numidici
787 393 888 430 illius
902 392 1052 431 Metelli
1070 406 1204 430 casum
1221 394 1282 431 vel
1296 393 1508 443 gloriosum

185 459 246 495 vel
274 471 430 507 gravem
461 457 727 504 convertisset,
751 457 1044 495 conlacrimavit
1072 457 1127 494 vir
1151 458 1326 506 egregius
1350 470 1395 495 ac
1420 470 1509 496 vere

188 523 373 560 Metellus
393 529 600 571 totumque
622 535 663 560 se
680 523 722 559 P.
740 521 904 560 Servilio
927 521 1074 560 dicenti
1097 521 1214 560 etiam
1232 530 1314 559 tum
1337 522 1508 569 tradidit,

185 600 259 625 nec
289 586 396 624 illam
425 586 599 625 divinam
630 586 857 636 gravitatem
893 587 1050 635 plenam
1084 585 1327 635 antiquitatis
1362 586 1507 624 diutius

185 654 306 690 homo
329 652 507 690 eiusdem
527 651 725 701 sanguinis
750 651 876 701 potuit
901 652 1092 690 sustinere
1119 658 1156 689 et
1183 665 1338 689 mecum
1366 652 1508 689 absens

185 717 380 755 beneficio
408 730 480 754 suo
509 715 622 754 rediit
649 716 688 753 in
712 716 885 766 gratiam.
946 717 1067 764 Quod
1096 723 1211 762 certe,
1241 715 1271 753 si
1302 723 1359 753 est
1388 715 1506 765 aliqui

185 795 322 820 sensus
370 781 410 819 in
459 789 584 819 morte
629 782 917 830 praeclarorum
962 780 1142 828 virorum,
1185 794 1275 818 cum
1322 780 1507 819 omnibus

128 861 168 884 10
187 847 357 886 Metellis
378 855 462 885 tum
482 860 574 884 vero
595 846 663 883 uni
684 846 766 884 viro
787 845 998 884 fortissimo
1020 853 1057 883 et
1078 846 1411 894 praestantissimo
1433 846 1507 884 civi

126 1187 163 1218 15

126 1516 164 1538 20

184 912 457 963 gratissimum,
489 911 593 950 fratri
624 925 706 957 suo,
739 911 841 959 fecit,
874 910 982 949 socio
1008 911 1198 957 laborum,
1232 911 1504 960 periculorum,

185 978 437 1018 consiliorum
461 991 651 1016 meorum.

1535 168 1593 198 ¹30

1533 728 1585 758 131

239 1043 406 1082 Reditus
438 1056 529 1081 vero
560 1056 671 1080 meus
706 1042 772 1092 qui
811 1041 925 1080 fuerit
957 1043 1043 1091 quis
1078 1041 1257 1091 ignorat?
1300 1055 1416 1091 quem
1455 1043 1505 1080 ad
1526 1042 1581 1088 63

185 1109 349 1147 modum
371 1107 466 1145 mihi
486 1106 711 1145 advenienti
734 1114 937 1156 tamquam
958 1108 1076 1145 totius
1099 1106 1236 1144 Italiae
1252 1115 1369 1156 atque
1387 1106 1506 1156 ipsius

185 1173 330 1224 patriae
367 1173 543 1211 dextram
582 1171 820 1222 porrexerint
854 1171 1091 1218 Brundisini,
1129 1185 1218 1209 cum
1253 1171 1345 1222 ipsis
1381 1173 1507 1210 Nonis

184 1238 396 1277 Sextilibus
417 1237 523 1276 idem
539 1238 624 1276 dies
644 1238 837 1275 adventus
855 1238 931 1275 mei
953 1236 1087 1275 fuisset
1108 1238 1335 1287 reditusque
1356 1238 1504 1285 natalis,

183 1304 290 1342 idem
310 1302 532 1342 carissimae
552 1302 664 1350 filiae,
687 1316 807 1352 quam
831 1316 877 1341 ex
902 1302 1128 1352 gravissimo
1151 1310 1233 1340 turn
1254 1303 1423 1353 primum
1444 1306 1508 1342 de-

184 1369 328 1408 siderio
347 1370 535 1418 luctuque
556 1367 755 1418 conspexi,
778 1367 884 1406 idem
906 1367 1024 1406 etiam
1045 1367 1165 1417 ipsius
1186 1368 1365 1407 coloniae
1384 1371 1507 1406 Brun-

183 1433 344 1481 disinae,
367 1433 473 1471 idem
494 1433 647 1480 Salutis,
670 1446 841 1482 cumque
861 1446 925 1470 me
945 1433 1087 1471 domus
1109 1434 1248 1471 eadem
1269 1433 1507 1483 optimorum

184 1507 222 1537 et
246 1497 565 1537 doctissimorum
589 1497 771 1544 virorum,
794 1498 855 1535 lis.
879 1498 1002 1535 Laeni
1023 1497 1154 1535 Flacci
1181 1504 1219 1536 et
1240 1497 1357 1547 patris
1379 1506 1417 1536 et
1438 1500 1507 1537 fra-

183 1563 250 1602 tris
271 1564 365 1610 eius,
387 1562 598 1601 laetissima
618 1562 845 1611 accepisset,
866 1575 967 1612 quae
993 1562 1172 1612 proximo
1198 1576 1304 1602 anno
1330 1577 1507 1603 maerens

183 1638 382 1679 receperat
402 1637 439 1668 et
461 1643 533 1667 suo
553 1629 747 1679 praesidio
764 1629 1017 1680 periculoque
1031 1631 1271 1668 defenderat.
1331 1632 1508 1670 Cunctae

183 1695 322 1734 itinere
341 1702 425 1735 toto
440 1695 557 1733 urbes
575 1694 712 1734 Italiae
731 1696 850 1734 festos
867 1696 950 1734 dies
967 1708 1080 1745 agere
1095 1696 1287 1734 adventus
1308 1696 1385 1734 mei
1405 1696 1509 1735 vide-

184 1761 336 1809 bantur,
375 1760 461 1800 viae
503 1759 757 1799 multitudine
804 1762 1022 1810 legatorum
1073 1760 1249 1810 undique
1301 1761 1506 1800 missorum

148 1826 494 1874 5celebrabantur,
540 1827 590 1864 ad
632 1826 771 1864 urbem
812 1839 993 1864 accessus
1038 1825 1255 1864 incredibili
1302 1826 1504 1864 hominum

228 1941 246 1960 2
282 1929 450 1960 refixisset
475 1929 537 1959 FB
726 1940 745 1968 3
779 1929 819 1959 ad
847 1929 1012 1959 Numidici
1039 1929 1126 1959 illius
1152 1928 1305 1959 Manna:
1339 1930 1379 1959 ad
1405 1940 1506 1959 unum

183 1974 318 2003 dicitius
335 1972 368 2002 P
384 1973 487 2012 (dicto
504 1972 601 2003 citius
617 1972 661 2003 P²
678 1973 740 2004 rell.
756 1977 885 2012 praeter
902 1972 942 2003 6¹
962 1972 1123 2013 dictitius)
1214 1984 1233 2010 4
1258 1972 1506 2002 conlacrimavit

182 2017 233 2046 vir
252 2016 370 2046 Lamb.
387 2027 393 2046 :
424 2016 718 2046 conlacrumavitat
739 2016 811 2055 (litt.
833 2020 864 2046 at
883 2017 1043 2056 expzmct.)
1063 2020 1098 2045 ut
1123 2016 1172 2045 vir
1196 2015 1228 2044 P
1248 2016 1312 2045 rell.
1332 2020 1460 2055 praeter
1479 2016 1507 2045 G

185 2060 252 2099 (vel
272 2059 456 2090 lacrimavit
481 2064 516 2089 ut
539 2060 628 2092 viri:
657 2059 790 2090 collacr.
813 2064 914 2098 atque
933 2064 966 2089 ut
984 2059 1034 2089 vir
1063 2083 1068 2089 .
1094 2084 1098 2089 .
1128 2083 1134 2089 .
1162 2064 1266 2088 totum
1289 2069 1325 2088 se
1345 2058 1501 2088 Momms.

184 2105 204 2133 8
220 2113 282 2133 suo
299 2102 418 2135 Sclzol..
439 2113 503 2132 om.
519 2103 625 2133 Prell.
720 2104 757 2133 16
775 2103 970 2142 reditusque
986 2102 1114 2139 natalis,
1135 2102 1222 2132 idern
1234 2102 1346 2132 Baiter
1362 2101 1499 2140 gadAtt.

185 2147 231 2176 iii.
247 2156 300 2185 20,
319 2148 335 2182 ξ
358 2148 413 2186 1):
446 2147 573 2176 reditus
591 2146 648 2185 qui
670 2151 736 2176 nat.
758 2147 846 2176 idern
873 2145 959 2176 codd.
972 2151 1099 2186 praeter
1117 2146 1137 2175 k
1153 2145 1257 2184 (idem
1282 2146 1354 2175 dies
1381 2145 1504 2175 reditus

186 2189 253 2219 mei
282 2190 403 2220 suisset
433 2190 487 2228 qui
523 2194 555 2220 et
588 2187 708 2219 natalis
742 2191 849 2219 meus&
869 2200 876 2219 :
913 2190 1118 2227 reditusque,
1153 2194 1220 2219 nat.
1256 2188 1341 2218 idem
1378 2187 1502 2228 Gruter,

186 2232 296 2264 Madv.
316 2244 322 2263 :
364 2233 570 2273 reditusque,
613 2232 667 2271 qui
710 2237 777 2262 nat.
819 2232 906 2263 idem
950 2232 1049 2271 Kays.
1068 2244 1074 2262 :
1113 2233 1236 2262 natalis
1274 2235 1350 2271 post
1388 2231 1504 2261 Lamb.

185 2276 275 2316 dupl.
293 2275 400 2306 Hertz
557 2286 595 2314 19
621 2274 746 2305 Salutis
770 2274 903 2306 Manut.
925 2279 1008 2305 ancl.
1029 2275 1119 2305 Koclz
1140 2275 1200 2312 (ad
1216 2275 1288 2305 ΑΗ.
1307 2275 1346 2305 iv.
1371 2284 1396 2311 Ι,
1416 2277 1430 2310 §
1449 2275 1481 2312 4)
1498 2286 1503 2305 :

185 2319 347 2350 iit-scitis
379 2318 494 2349 codd:
523 2323 558 2349 ut
590 2319 691 2356 scitis,
728 2318 854 2348 Salutis
886 2317 1013 2348 Hez'ne:
1047 2323 1082 2347 ut
1114 2318 1217 2355 scitis,
1253 2318 1348 2347 aedis
1381 2317 1506 2348 Salutis

184 2361 294 2392 Halm
441 2372 483 2392 20
507 2360 615 2401 doct.]
640 2361 896 2392 fortissimorum
921 2362 999 2392 coni.
1025 2361 1157 2391 Gamla
1182 2361 1312 2391 dulciss.
1339 2361 1508 2391 Buechner

187 2405 230 2435 M.
251 2405 357 2446 suppl.
376 2404 482 2435 Halm
574 2404 694 2445 Laeni]
712 2404 788 2434 laeli
806 2404 894 2434 codd.
1009 2414 1049 2434 22
1075 2404 1223 2434 Cunctae
1237 2404 1336 2443 Ja-p:
1362 2413 1504 2442 cumque

185 2448 272 2480 codd.
293 2448 368 2490 (del.
388 2448 515 2488 Madv.)
533 2459 541 2479 ε
565 2453 634 2479 tum
651 2459 732 2478 vero
751 2446 920 2477 Eberhard
