1774 2782
243 127 296 171 64
322 142 379 174 135
687 129 743 165 M.
776 128 942 164 TVLLI
975 126 1281 166 CICERONIS

316 250 405 274 cum
431 237 581 276 diffidit.
646 239 776 286 Quem
807 251 887 275 non
915 245 994 275 tam
1023 237 1203 285 admiror,
1232 240 1341 288 quod
1365 252 1492 277 meam
1518 240 1644 288 legem

316 303 532 340 contemnit
559 303 729 340 hominis
760 302 917 349 inimici,
946 315 1064 351 quam
1090 304 1199 352 quod
1227 303 1281 341 sic
1309 303 1452 350 statuit,
1480 303 1644 342 omnino

314 369 559 406 consularem
582 370 705 418 legem
735 369 881 405 nullam
907 375 1054 417 putare.
1116 367 1328 406 Caeciliam
1352 368 1523 415 Didiam,
1547 368 1644 406 Lici-

314 432 418 470 niam
449 433 602 471 Iuniam
631 433 876 483 contempsit.
941 432 1124 471 Etiamne
1149 432 1232 471 eius
1260 446 1378 482 quem
1406 447 1476 471 sua
1500 435 1583 483 lege
1604 440 1643 471 et

314 510 384 535 suo
406 498 599 537 beneficio
627 507 818 545 ornatum,
843 498 1050 545 munitum,
1073 506 1266 536 armatum
1288 500 1387 537 solet
1406 498 1570 549 gloriari,
1595 501 1640 539 C.
1662 516 1679 547 5

312 563 500 612 Caesaris,
520 567 645 616 legem
663 567 712 603 de
730 565 904 614 pecuniis
924 564 1151 614 repetundis
1168 578 1248 602 non
1265 573 1375 614 putat
1392 578 1476 603 esse
1493 566 1642 615 legem?

312 630 362 667 Et
385 629 494 667 aiunt
521 630 617 668 alios
646 644 731 669 esse
761 630 826 680 qui
852 638 938 668 acta
961 629 1139 669 Caesaris
1163 628 1396 677 rescindant,
1427 643 1517 667 curn
1545 632 1641 670 haec

308 694 457 743 optima
480 696 538 733 lex
560 703 598 733 et
618 696 669 733 ab
692 697 757 734 illo
781 709 916 733 socero
934 696 1016 733 eius
1038 702 1076 733 et
1097 695 1147 732 ab
1169 695 1245 732 hoc
1261 695 1445 732 adsecula
1467 696 1640 745 neglega-

238 760 290 805 65
311 763 392 796 tur!
453 762 501 798 Et
529 760 722 798 cohortari
755 774 871 799 ausus
904 768 961 798 est
994 768 1197 798 accusator
1230 759 1270 797 in
1305 760 1378 797 hac
1408 773 1525 798 causa
1557 774 1637 808 vos,

309 824 468 872 iudices,
502 834 543 863 ut
574 826 788 875 aliquando
825 826 959 864 essetis
990 826 1122 873 severi,
1156 825 1370 875 aliquando
1400 825 1636 863 medicinam
1660 844 1699 865 10

307 890 545 929 adhiberetis
571 893 624 929 rei
646 891 837 940 publicae.
897 893 990 929 Non
1016 905 1061 930 ea
1086 898 1144 929 est
1169 890 1376 936 medicina,
1401 904 1490 928 cum
1521 904 1638 929 sanae

308 956 406 1005 parti
434 959 606 1007 corporis
636 959 863 1007 scalpellum
892 957 1102 995 adhibetur
1131 964 1250 1006 atque
1280 957 1462 1006 integrae,
1489 956 1638 994 carnifi-

309 1023 396 1058 cina
413 1030 469 1060 est
491 1022 563 1061 ista
584 1031 620 1061 et
643 1024 874 1061 crudelitas:
907 1024 941 1061 ei
972 1024 1180 1060 medentur
1205 1022 1256 1060 rei
1284 1022 1465 1072 publicae
1489 1023 1556 1071 qui
1578 1035 1637 1060 ex—

309 1095 442 1124 secant
463 1095 612 1137 pestem
636 1089 807 1137 aliquam
834 1095 1035 1137 tamquam
1058 1095 1244 1125 strumam
1269 1087 1446 1125 civitatis.

227 1158 286 1195 136
361 1153 438 1190 Sed
461 1161 501 1190 ut
523 1160 738 1191 extremum
762 1152 904 1190 habeat
921 1152 1070 1202 aliquid
1087 1152 1210 1191 oratio
1228 1166 1325 1200 mea,
1345 1160 1382 1191 et
1399 1159 1441 1190 ut
1457 1166 1530 1202 ego
1546 1160 1637 1190 ante
1661 1169 1695 1201 15

307 1216 464 1255 dicendi
494 1219 610 1256 finem
640 1217 779 1255 faciam
812 1231 929 1267 quam
966 1231 1034 1256 vos
1068 1232 1130 1256 me
1161 1226 1241 1256 tam
1262 1225 1410 1256 attente
1434 1217 1634 1264 audiendi,

306 1283 541 1320 concludam
564 1282 658 1321 illud
677 1284 726 1321 de
744 1282 998 1332 optimatibus
1019 1296 1235 1333 eorumque
1253 1282 1494 1333 principibus
1514 1296 1561 1320 ac
1582 1282 1636 1321 rei

304 1347 484 1397 publicae
512 1348 794 1394 defensoribus,
824 1361 982 1398 vosque,
1013 1350 1297 1396 adulescentes,
1321 1356 1359 1387 et
1387 1347 1453 1398 qui
1482 1348 1635 1386 nobiles

303 1412 405 1459 estis,
437 1414 488 1451 ad
519 1413 709 1451 maiorum
740 1421 956 1452 vestrorum
987 1413 1245 1452 imitationem
1276 1413 1466 1460 excitabo,
1500 1420 1538 1451 et
1566 1412 1634 1463 qui

303 1478 460 1527 ingenio
494 1492 539 1516 ac
574 1478 713 1517 virtute
750 1478 995 1517 nobilitatem
1034 1479 1196 1529 potestis
1232 1478 1434 1528 consequi,
1465 1479 1516 1517 ad
1546 1491 1632 1516 eam
1655 1494 1695 1515 20

302 1543 491 1582 rationem
526 1545 563 1581 in
596 1558 674 1594 qua
709 1545 818 1582 multi
853 1544 1033 1583 homines
1066 1545 1157 1583 novi
1191 1552 1229 1584 et
1263 1546 1413 1583 honore
1445 1551 1483 1582 et
1513 1544 1634 1594 gloria

222 1614 280 1649 137
302 1610 513 1648 floruerunt
541 1610 788 1648 cohortabor.
852 1612 965 1648 Haec
993 1618 1051 1649 est
1079 1624 1156 1648 una
1183 1610 1255 1658 via,
1285 1611 1380 1648 mihi
1408 1609 1566 1657 credite,
1596 1616 1634 1647 et

301 1674 426 1712 laudis
453 1682 491 1712 et
516 1674 714 1724 dignitatis
739 1683 777 1713 et
808 1676 978 1723 honoris,
1010 1689 1033 1714 a
1060 1676 1175 1714 bonis
1204 1676 1293 1714 viris
1324 1675 1566 1725 sapientibus
1596 1682 1633 1712 et

302 1739 403 1777 bene
423 1747 561 1777 natura
581 1740 800 1778 constitutis
817 1740 965 1778 laudari
984 1748 1021 1778 et
1038 1741 1145 1791 diligi
1163 1756 1173 1789 3
1203 1753 1320 1779 nosse
1337 1739 1632 1790 discriptionem

301 1804 467 1842 civitatis
488 1817 510 1841 a
531 1804 743 1843 maioribus
770 1805 910 1843 nostris
942 1806 1227 1855 sapientissime
1252 1805 1506 1845 constitutam
1525 1820 1535 1853 3
1564 1804 1632 1855 qui
1654 1820 1691 1851 25

301 1882 392 1906 cum
414 1882 547 1918 regum
570 1877 805 1919 potestatem
829 1884 909 1909 non
928 1871 1116 1918 tulissent,
1142 1872 1194 1909 ita
1211 1871 1457 1921 magistratus
1477 1884 1631 1908 annuos

300 1942 529 1972 creaverunt
557 1943 598 1973 ut
627 1935 833 1974 consilium
866 1944 1022 1975 senatus
1051 1937 1106 1975 rei
1136 1937 1318 1987 publicae
1345 1943 1631 1986 praeponerent

300 2000 592 2048 sempiternum,
614 2001 875 2051 deligerentur
892 2010 1024 2039 autem
1047 2001 1085 2039 in
1103 2002 1142 2040 id
1159 2001 1366 2040 consilium
1382 2001 1433 2039 ab
1449 2002 1631 2039 universo

301 2065 448 2113 populo
464 2064 672 2115 aditusque
690 2065 728 2103 in
748 2067 856 2104 illum
879 2080 1078 2104 summum
1095 2067 1274 2105 ordinem
1292 2066 1470 2104 omnium
1487 2065 1630 2104 civium

343 2180 362 2199 2
395 2169 577 2199 contemnit
611 2169 723 2200 Madv.
741 2181 747 2199 t
788 2175 1006 2210 contempnet
1038 2170 1070 2200 P
1099 2171 1163 2202 rell.
1182 2181 1188 2200 ε
1233 2174 1426 2200 contemnat
1457 2169 1524 2199 edd.
1558 2172 1629 2200 velt.

299 2214 345 2243 sic
363 2212 474 2242 Madv.
494 2225 500 2243 :
537 2213 564 2243 si
584 2213 626 2242 Pl
644 2225 650 2243 z
675 2224 711 2243 se
729 2212 773 2242 P²
792 2213 857 2244 rell.
874 2225 880 2244 :
906 2225 972 2244 om.
993 2214 1113 2245 Lamb.
1247 2215 1266 2243 8
1290 2214 1417 2252 optima
1434 2224 1499 2243 om.
1518 2212 1625 2242 Sclzol.

301 2259 340 2286 16
364 2256 433 2295 me]
452 2257 515 2287 mei
538 2255 648 2287 Muell.
669 2258 700 2296 (ξ
719 2257 775 2285 28]
911 2268 952 2295 23
977 2263 1010 2287 et
1027 2257 1113 2287 bene
1130 2257 1340 2296 Naugerius:
1364 2257 1449 2286 bene
1468 2261 1500 2286 et
1518 2256 1550 2285 P
1563 2256 1628 2287 rell.

299 2302 349 2337 (et
367 2311 437 2339 sap.
453 2301 540 2330 bene
559 2305 593 2330 et
613 2300 663 2331 G:
689 2305 722 2330 et
741 2310 822 2339 sap.⁷
838 2300 925 2330 bene
937 2301 987 2340 ks)
1124 2311 1143 2330 a
1161 2301 1256 2330 bonis
1271 2324 1277 2330 .
1295 2324 1302 2331 .
1321 2324 1325 2330 .
1341 2300 1434 2338 diligi
1453 2299 1511 2329 del.
1530 2299 1627 2329 Kim-

301 2344 379 2383 mig,
397 2343 504 2384 sedes.
535 2346 549 2380 ξ
573 2354 633 2383 139
659 2342 706 2373 ad
730 2344 799 2373 init.
892 2353 932 2382 25
956 2354 974 2373 a
992 2345 1051 2374 lcs:
1083 2354 1150 2374 om.
1178 2344 1241 2373 rell.
1345 2353 1384 2381 27
1411 2348 1547 2373 senatus
1568 2341 1627 2373 del.

300 2387 442 2417 Karsten
