1774 2782
495 137 604 174 PRO
638 138 678 174 P.
711 137 904 175 SESTIO
935 138 1150 176 ORATIO
1435 148 1486 184 32

160 246 291 285 sertim
314 247 468 285 fortuna
492 246 531 283 in
559 259 638 296 qua
663 260 743 284 non
771 246 867 284 nulli
892 247 1009 284 ctiam
1032 260 1132 296 quos
1153 260 1237 285 esse
1258 255 1483 297 putaveram

160 325 239 350 non
267 319 386 358 erant,
413 312 482 349 sed
509 323 576 349 eos
606 313 848 349 voluntatem
877 325 1030 362 semper
1055 313 1234 358 eandem,
1264 313 1483 350 libertatem

158 390 239 414 non
253 376 419 414 eandem
441 388 594 425 semper
614 376 798 414 habuisse
816 391 825 424 ;
855 390 945 414 nam
968 390 1014 415 ex
1034 390 1176 414 novem
1198 376 1363 414 tribunis
1384 390 1484 426 quos

158 449 251 479 tunc
273 441 485 478 habueram
507 454 608 478 unus
625 454 688 478 me
708 441 873 480 absente
893 442 1064 487 defluxit,
1085 441 1150 491 qui
1168 455 1388 491 cognomen
1410 441 1483 479 sibi

120 521 137 551 5
157 519 204 544 ex
228 506 429 544 Aeliorum
460 505 695 555 imaginibus
721 506 892 555 arripuit,
922 520 1001 556 quo
1041 506 1162 556 magis
1201 506 1371 545 nationis
1400 508 1482 544 eius

157 584 242 609 esse
262 584 380 620 quam
395 571 546 620 generis
568 570 773 609 videretur.
832 573 924 609 Hoc
945 571 1058 621 igitur
1073 584 1178 610 anno
1195 571 1482 621 magistratibus

157 636 268 673 novis
295 634 517 684 designatis,
547 648 637 672 cum
670 649 809 674 omnes
844 636 939 674 boni
974 650 1134 675 omnem
1169 649 1278 686 spem
1312 636 1482 674 melioris

156 708 279 738 status
304 700 344 738 in
369 713 505 739 eorum
535 701 656 739 fidem
687 701 982 749 convertissent,
1012 703 1193 752 princeps
1218 704 1260 740 P.
1290 703 1482 740 Lentulus

155 764 386 803 auctoritate
411 778 458 802 ac
483 765 677 803 sententia
702 780 781 812 sua,
807 766 950 804 Pisone
976 774 1015 804 et
1044 767 1216 805 Gabinio
1236 768 1483 816 repugnanti-

98 844 137 867 10
157 831 241 876 bus,
271 843 432 867 causam
462 830 645 880 suscepit,
671 831 920 881 tribunisque
947 831 1074 881 plebis
1104 839 1195 870 octo
1224 832 1481 870 referentibus

155 894 527 945 praestantissimam
559 896 609 933 de
644 909 707 934 me
743 897 980 934 sententiam
1015 896 1122 934 dixit.
1191 896 1271 945 Qui
1306 910 1395 935 cum
1430 898 1481 935 ad

154 960 317 1009 gloriam
343 973 452 997 suam
478 968 598 1009 atque
627 962 678 998 ad
707 961 938 1011 amplissimi
969 961 1137 999 benefici
1166 963 1328 1011 gratiam
1359 962 1481 1011 magis

154 1024 509 1075 pertinerevideret
525 1038 684 1063 causam
700 1026 805 1063 illam
823 1027 1012 1076 integram
1033 1027 1083 1064 ad
1100 1039 1213 1064 suum
1231 1027 1480 1064 consulatum

154 1089 349 1135 reservari,
381 1098 514 1128 tamen
544 1104 625 1128 rem
656 1092 774 1130 talem
810 1105 879 1141 per
911 1091 1009 1130 alios
1040 1091 1154 1130 citius
1189 1104 1307 1141 quarn
1340 1105 1409 1141 per
1439 1106 1480 1130 se

97 1167 133 1197 15
154 1154 302 1192 tardius
322 1154 465 1192 confici
488 1156 669 1194 malebat.

209 1221 300 1256 Hoc
317 1219 472 1257 interim
488 1227 663 1269 tempore
685 1222 725 1258 Ρ.
745 1220 902 1267 Sestius,
921 1220 1082 1268 iudices,
1101 1220 1326 1271 designatus
1343 1222 1413 1259 iter
1428 1223 1478 1260 ad

153 1286 198 1324 C.
223 1285 431 1324 Caesarem
453 1298 523 1334 pro
544 1298 632 1323 mea
653 1287 777 1323 salute
799 1286 995 1336 suscepit3
1024 1287 1218 1336 pertinere
1247 1294 1284 1324 et
1311 1287 1361 1324 ad
1390 1300 1479 1324 con-

152 1350 326 1388 cordiam
347 1350 490 1386 civium
510 1349 660 1398 putavit
680 1358 718 1388 et
738 1351 789 1388 ad
809 1350 1042 1399 perficiundi
1062 1352 1286 1389 facultatem
1303 1352 1479 1389 animum

152 1411 330 1452 Caesaris
346 1427 369 1451 a
384 1427 502 1451 causa
521 1427 602 1452 non
622 1415 843 1453 abhorrere.
904 1415 1013 1463 Quid
1035 1415 1163 1465 egerit,
1183 1423 1374 1465 quantum
1396 1429 1480 1466 pro-

95 1497 135 1518 20
153 1479 296 1526 fecerit,
333 1479 429 1517 nihil
466 1480 517 1517 ad
557 1493 726 1517 causam.
801 1480 1000 1530 Equidem
1030 1480 1221 1527 existimo,
1256 1480 1287 1519 si
1326 1480 1401 1528 ille,
1437 1490 1479 1520 ut

151 1543 324 1591 arbitror,
358 1557 507 1593 aequus
539 1544 653 1582 nobis
685 1544 809 1592 fuerit,
841 1545 937 1583 nihil
967 1546 1018 1583 ab
1049 1546 1126 1583 hoc
1157 1547 1387 1595 profectum,
1419 1546 1478 1584 sin

151 1609 294 1657 iratior,
316 1622 396 1646 non
422 1611 617 1657 multum3
647 1611 717 1648 sed
743 1618 877 1648 tamen
906 1612 1154 1649 sedulitatem
1181 1619 1300 1660 atque
1327 1611 1479 1660 integri-

150 1681 270 1711 tatem
297 1673 467 1711 hominis
490 1675 638 1713 videtis,
700 1675 904 1724 Ingredior
929 1677 1004 1713 iam
1033 1676 1074 1713 in
1103 1675 1203 1714 Sesti
1223 1675 1477 1722 tribunatum,

151 1753 241 1778 nam
261 1741 337 1778 hoc
357 1740 526 1790 primum
549 1742 619 1779 iter
635 1740 860 1791 designatus
878 1741 931 1779 rei
949 1741 1130 1791 publicae
1149 1754 1268 1779 causa
1284 1740 1478 1791 suscepit3

93 1818 130 1850 ²5
150 1805 245 1842 abiit
265 1804 328 1843 ille
347 1818 500 1853 annus;
528 1807 736 1855 respirasse
762 1807 943 1844 homines
963 1807 1198 1844 videbantur
1223 1807 1403 1844 nondum
1423 1818 1475 1853 re,

150 1873 219 1909 sed
247 1884 316 1920 spe
342 1870 397 1909 rei
422 1871 604 1921 publicae
631 1870 918 1921 reciperandae.
993 1871 1181 1909 Exierunt
1203 1872 1314 1909 malis
1338 1870 1477 1908 omini-

150 1938 223 1975 bus
253 1945 371 1987 atque
400 1937 733 1976 exsecrationibus
763 1939 844 1976 duo
873 1937 1029 1975 vulturii
1060 1937 1245 1987 paludati.
1318 1937 1476 1985 Quibus

150 2001 298 2039 utinam
321 2001 412 2051 ipsis
437 2001 658 2040 evenissent
686 2016 732 2041 ea
758 2016 859 2052 quae
879 2010 962 2040 tum
985 2003 1165 2040 homines
1192 2001 1475 2051 precabantur!

197 2115 208 2134 ῐ
237 2109 431 2144 putaveram
448 2105 558 2136 Βιινη.
579 2115 636 2143 157
654 2105 686 2134 ῥ’)
702 2105 748 2135 ed.
771 2106 812 2137 R.
828 2117 834 2135 :
863 2110 1065 2144 putaverunt
1085 2105 1147 2135 rell.
1250 2117 1269 2143 4
1287 2105 1382 2145 tunc]
1398 2111 1476 2136 ante

152 2148 279 2189 (antea)
293 2148 446 2178 Ernesti:
461 2154 573 2179 tamen
586 2149 689 2188 Kays.
742 2158 779 2179 10
797 2159 929 2179 causam
945 2159 1051 2179 meam
1070 2147 1118 2180 W.
1135 2148 1376 2188 Ba11e7·<sedcf
1391 2151 1406 2184 §
1420 2152 1473 2189 71)

154 2193 193 2221 16
216 2192 414 2231 designatus
425 2192 482 2223 del.
498 2192 608 2222 Bake:
627 2192 780 2222 tribunus
797 2193 926 2231 design.
939 2192 1004 2223 cod.
1023 2192 1098 2222 Car.
1116 2192 1225 2232 Steplz.
1241 2194 1294 2231 (ex
1309 2191 1356 2222 H.
1373 2191 1473 2229 credo,

150 2239 262 2265 ortum
280 2236 314 2265 in
332 2246 396 2275 quo
411 2240 458 2266 est
474 2236 575 2266 iudex
584 2241 646 2276 pro
661 2236 801 2269 iudices}
896 2246 932 2274 17
957 2236 1120 2276 suscepit]
1134 2236 1198 2265 linc
1212 2235 1369 2265 transtuli
1381 2235 1475 2265 verba

151 2280 341 2317 pertinere.
360 2303 367 2310 .
387 2304 393 2310 .
409 2279 600 2316 abhorrere,
631 2290 714 2318 qnae
743 2279 776 2308 in
805 2278 892 2309 codd.
919 2282 1090 2309 occurrunt
1115 2283 1189 2318 post
1219 2279 1366 2317 suscepit
1390 2278 1408 2308 l.
1433 2288 1472 2315 24

154 2323 192 2351 18
217 2322 413 2361 perficiundi
431 2322 491 2353 Pl:
516 2323 606 2352 —endi
627 2323 688 2353 rell.
828 2332 863 2351 21
891 2323 995 2352 fuerat
1017 2322 1080 2352 cod.
1101 2321 1170 2352 Vrs.
1188 2334 1194 2352 t
1220 2322 1278 2351 suit
1295 2322 1372 2352 coni,
1392 2321 1478 2351 Reid

151 2376 192 2404 23
219 2365 395 2405 Ingredior
412 2391 419 2398 .
439 2391 445 2397 .
466 2390 472 2397 .
492 2366 568 2397 trib.
583 2366 640 2396 del.
655 2365 766 2398 Madv.
786 2378 792 2395 t
818 2366 988 2403 ingredior
1005 2391 1012 2397 .
1029 2389 1035 2396 .
1054 2391 1059 2396 .
1078 2366 1226 2404 suscepit
1244 2365 1302 2395 del.
1324 2365 1472 2400 Scltm‘lz,

150 2409 202 2439 all.
365 2420 406 2448 24
440 2420 475 2439 re
508 2410 638 2449 publica
672 2414 870 2448 recuperata
903 2408 1021 2440 Lamb.
1175 2410 1215 2438 28
1241 2408 1468 2447 precabantur.

150 2463 259 2491 neque
278 2477 283 2483 .
305 2476 310 2483 .
330 2477 336 2484 .
357 2453 637 2491 perdidissemus!
665 2453 833 2483 Ebrrlmrd

1505 143 1545 186 69

1500 1205 1550 1242 33

1500 1264 1535 1298 71
