1774 2782
149 531 166 563 ⁵
176 537 178 539 ,

132 856 170 878 10

135 1512 173 1533 20

135 2165 176 2196 30

359 152 468 191 PRO
500 153 542 189 L.
575 151 869 192 CORNELIO
902 153 1084 191 BALBO
1115 154 1332 192 ORATIO
1462 157 1506 193 16
1529 169 1566 201 35

185 262 281 301 illud
320 262 438 300 etiam
479 269 546 308 est,
589 263 696 311 quod
736 275 816 299 non
855 269 913 300 est
955 263 992 299 in
1037 262 1220 301 omnibus
1260 264 1506 303 foederibus:

186 328 468 365 MAIESTATEM
491 338 635 365 POPVL1
665 329 841 365 Ronle
871 339 1059 366 corquER
1084 339 1400 367 CONSERVANTO.
1460 330 1507 368 Id

186 391 305 429 habet
336 393 437 430 hanc
472 391 561 439 vim,
596 399 637 429 ut
671 391 718 430 sit
754 391 816 430 ille
851 393 889 429 in
923 394 1079 432 foedere
1110 393 1276 432 inferior.
1336 394 1507 432 Primum
1530 397 1568 437 36

186 456 293 494 verbi
320 469 443 506 genus
470 457 544 494 boc
574 458 881 503 ‘conservanto,'
903 470 983 506 quo
1011 458 1131 507 magis
1154 458 1191 495 in
1219 459 1369 508 legibus
1390 473 1507 508 quam

187 521 226 559 in
261 521 484 560 foederibus
519 523 573 560 uti
609 523 794 569 solemus,
827 523 1053 571 imperantis
1087 530 1155 570 est,
1191 537 1270 561 non
1304 526 1506 573 precantis.

188 587 345 624 Deinde
385 599 474 623 cum
508 585 664 624 alterius
700 585 833 636 populi
870 587 1051 625 maiestas
1090 587 1308 626 conservari
1344 587 1508 635 iubetur,

187 652 238 689 de
263 652 385 689 altero
413 650 556 697 siletur,
580 658 684 689 certe
712 650 775 688 ille
801 652 970 700 populus
999 651 1037 688 in
1059 651 1258 701 superiore
1279 652 1511 691 condicione

188 728 384 764 causaque
423 717 581 765 ponitur
619 716 729 753 cuius
774 715 956 754 maiestas
999 718 1166 755 foederis
1207 718 1409 756 sanctione
1448 718 1512 755 de-

189 779 370 819 fenditur.
443 781 491 817 In
530 793 610 829 quo
649 787 729 818 erat
767 782 1005 819 accusatoris
1046 781 1314 831 interpretatio
1353 783 1513 832 indigna

189 844 455 895 responsione,
482 845 549 895 qui
577 846 629 882 ita
656 845 824 892 dicebat,
858 847 1066 884 ‘comiter'
1093 860 1178 884 esse
1205 847 1513 893 ‘communiter‚’

190 910 300 960 quasi
335 923 425 948 vero
463 910 633 959 priscum
668 911 828 960 aliquod
867 919 933 949 aut
968 911 1168 949 insolitum
1203 912 1364 950 verbum
1403 912 1515 950 inter-

190 982 413 1026 pretaretur.
474 976 618 1014 Comes
658 975 828 1025 benigni,
865 976 1010 1023 faciles,
1043 989 1180 1015 suaves
1215 978 1395 1015 homines
1430 990 1514 1015 esse

191 1040 398 1087 dicuntur,
449 1040 537 1090 ‘qui
571 1040 711 1078 erranti
747 1041 910 1079 comiter
948 1049 1138 1080 monstrat
1173 1041 1298 1088 viam}
1335 1041 1513 1091 benigne,

191 1120 271 1144 non
305 1113 484 1155 gravate;
527 1105 830 1144 ‘communiter’
864 1106 1027 1156 quidem
1062 1114 1165 1145 certe
1205 1120 1284 1144 non
1319 1106 1514 1145 convenit.

194 1173 243 1209 Et
264 1170 378 1208 simul
394 1170 565 1208 absurda
580 1184 639 1209 res
661 1179 718 1209 est
735 1171 860 1209 caveri
882 1172 1039 1210 foedere
1056 1179 1097 1209 ut
1115 1171 1358 1210 maiestatem
1381 1171 1514 1221 populi

193 1235 365 1273 Romani
380 1235 676 1274 ‘communiter'
690 1244 933 1283 conservent,
946 1236 985 1275 id
1000 1244 1057 1274 est
1070 1244 1112 1274 ut
1127 1238 1295 1286 populus
1312 1239 1516 1276 Romanus

192 1314 302 1339 suam
320 1300 563 1339 maiestatem
585 1314 670 1340 esse
687 1303 832 1339 salvam
848 1301 949 1339 velit.
991 1302 1112 1350 Quod
1129 1303 1158 1339 si
1182 1303 1257 1339 iam
1274 1301 1327 1340 ita
1342 1310 1456 1348 esset,
1475 1309 1517 1340 ut

193 1379 277 1404 esse
299 1379 378 1403 non
400 1374 540 1415 potest,
564 1374 695 1404 tamen
717 1368 767 1404 de
785 1374 917 1404 nostra
938 1366 1151 1412 maiestate,
1176 1366 1271 1404 nihil
1293 1368 1342 1405 de
1364 1367 1516 1405 illorum

193 1438 403 1469 caveretur.
463 1433 649 1469 Potestne
678 1431 790 1481 igitur
814 1439 946 1469 nostra
970 1431 1151 1470 maiestas
1172 1446 1195 1469 a
1221 1433 1426 1470 Gaditanis
1456 1432 1517 1470 be-

194 1497 311 1547 nigne
333 1496 562 1542 conservari,
588 1496 617 1534 si
642 1497 692 1534 ad
714 1510 800 1535 eam
828 1496 1072 1535 retinendam
1096 1497 1315 1535 Gaditanos
1337 1497 1516 1547 praemiis

194 1562 332 1600 elicere
352 1575 432 1601 non
461 1563 699 1611 possumus?
756 1563 891 1600 Potest
919 1574 1003 1600 esse
1025 1563 1103 1600 ulla
1130 1562 1301 1611 denique
1322 1562 1514 1610 maiestas,

194 1627 225 1665 si
247 1627 483 1677 impedimur
505 1640 583 1676 quo
605 1626 733 1664 minus
762 1639 829 1675 per
850 1627 1040 1676 populum
1064 1627 1286 1664 Romanum
1309 1626 1516 1665 beneficio-

194 1706 278 1730 rum
307 1692 457 1730 virtutis
485 1706 601 1730 causa
629 1691 927 1730 tribuendorum
955 1699 1190 1742 potestatem
1219 1691 1516 1741 imperatoribus

195 1757 335 1796 nostris
357 1759 608 1797 deferamus?

248 1824 325 1862 Sed
347 1824 442 1873 quid
470 1837 543 1874 ego
571 1823 729 1873 disputo
756 1835 857 1872 quae
885 1822 979 1860 mihi
1008 1830 1102 1869 tum,
1125 1822 1155 1860 si
1178 1822 1361 1861 Gaditani
1384 1829 1519 1860 contra

195 1901 258 1926 me
285 1890 471 1935 dicerent,
495 1901 583 1926 vere
612 1901 727 1937 posse
757 1887 834 1926 dici
859 1888 1111 1925 viderentur?
1168 1888 1249 1925 Illis
1279 1888 1383 1925 enim
1414 1900 1518 1936 repe-

195 1953 367 1992 tentibus
402 1956 443 1991 L.
477 1953 705 1993 Cornelium
741 1953 1019 2002 responderem
1056 1953 1179 2001 legem
1217 1953 1404 2001 populum
1442 1954 1518 1990 Ro<

196 2032 356 2057 manum
387 2018 543 2056 iussisse
573 2019 623 2056 de
653 2017 807 2055 civitate
838 2016 1070 2064 tribuenda,
1109 2016 1199 2054 huic
1228 2015 1356 2065 generi
1389 2017 1516 2065 legum

196 2085 338 2122 fundos
361 2085 527 2133 populos
556 2083 637 2121 fieri
665 2096 745 2120 non
774 2083 922 2128 solere,
953 2083 1025 2120 Cn.
1051 2080 1282 2130 Pompeium
1311 2081 1359 2118 dc
1381 2080 1516 2118 consili

196 2149 388 2187 sententia
404 2147 600 2186 civitatem
618 2147 708 2185 huic
726 2148 895 2193 dedisse,
911 2147 1060 2183 nullum
1079 2145 1211 2195 populi
1230 2146 1348 2183 nostri
1370 2144 1517 2182 iussum

196 2215 413 2254 Gaditanos
432 2213 601 2259 habere,
633 2212 763 2261 itaque
785 2211 880 2249 nihil
898 2223 980 2249 esse
999 2217 1289 2248 sacrosanctum
1307 2210 1414 2258 quod
1437 2210 1519 2257 lege

239 2317 258 2336 2
285 2310 315 2337 et
336 2317 355 2344 4
382 2309 607 2336 conservanto
634 2303 751 2334 Lamb.
919 2312 937 2331 2
964 2306 1165 2332 conservant
1191 2301 1255 2330 PB
1286 2301 1369 2330 '-ent
1395 2300 1450 2329 I-Ib
1473 2299 1520 2329 ed.

197 2351 256 2389 R.)
360 2360 378 2387 4
403 2347 742 2379 conservandiFBH
752 2346 815 2377 rell.
925 2347 962 2375 16
981 2355 1057 2384 pop.
1076 2346 1173 2375 Rom.
1193 2344 1233 2374 b:
1263 2344 1432 2374 Romanus
1450 2344 1518 2379 :·r-)

196 2405 262 2424 om.
279 2393 381 2423 Prell.
398 2404 403 2421 ι
429 2402 455 2423 r.
469 2401 544 2431 pop.
562 2391 619 2421 Hk
726 2391 762 2420 18
783 2392 894 2429 potest
906 2388 956 2418 b'·¹:
980 2393 1093 2427 posset
1110 2387 1196 2418 codd.
1318 2397 1354 2425 19
1378 2397 1396 2416 a
1415 2385 1518 2426 suppl.

197 2437 387 2477 Naugerius
407 2436 456 2475 (2)
1377 2475 1434 2505 18*

1540 1800 1580 1839 17

1543 1853 1578 1891 38
