<?xml version="1.0" encoding="UTF-8"?>
<!DOCTYPE html PUBLIC "-//W3C//DTD XHTML 1.0 Transitional//EN"
    "http://www.w3.org/TR/xhtml1/DTD/xhtml1-transitional.dtd">
<html xmlns="http://www.w3.org/1999/xhtml" xml:lang="en" lang="en">
 <head>
  <title>
</title>
<meta http-equiv="Content-Type" content="text/html;charset=utf-8" />
  <meta name='ocr-system' content='tesseract 3.04.00' />
  <meta name='ocr-capabilities' content='ocr_page ocr_carea ocr_par ocr_line ocrx_word'/>
</head>
<body>
  <div class='ocr_page' id='page_1' title='image "./orationesrecogno05ciceuoft/orationesrecogno05ciceuoft_0065.png"; bbox 0 0 1774 2782; ppageno 0'>
   <div class='ocr_carea' id='block_1_1' title="bbox 99 560 115 589">
    <p class='ocr_par' dir='ltr' id='par_1_1' title="bbox 99 560 115 589">
     <span class='ocr_line' id='line_1_1' title="bbox 99 560 115 589; baseline 0 0"><span class='ocrx_word' id='word_1_1' title='bbox 99 560 115 589; x_wconf 71' lang='grc'><strong><em>5</em></strong></span> 
     </span>
    </p>
   </div>
   <div class='ocr_carea' id='block_1_2' title="bbox 71 886 110 908">
    <p class='ocr_par' dir='ltr' id='par_1_2' title="bbox 71 886 110 908">
     <span class='ocr_line' id='line_1_2' title="bbox 71 886 110 908; baseline -0.026 0"><span class='ocrx_word' id='word_1_2' title='bbox 71 886 110 908; x_wconf 86' lang='lat'>10</span> 
     </span>
    </p>
   </div>
   <div class='ocr_carea' id='block_1_3' title="bbox 60 1536 100 1557">
    <p class='ocr_par' dir='ltr' id='par_1_3' title="bbox 60 1536 100 1557">
     <span class='ocr_line' id='line_1_3' title="bbox 60 1536 100 1557; baseline 0 0"><span class='ocrx_word' id='word_1_3' title='bbox 60 1536 100 1557; x_wconf 86' lang='lat'>20</span> 
     </span>
    </p>
   </div>
   <div class='ocr_carea' id='block_1_4' title="bbox 246 179 1528 228">
    <p class='ocr_par' dir='ltr' id='par_1_4' title="bbox 246 179 1528 228">
     <span class='ocr_line' id='line_1_4' title="bbox 246 179 1528 228; baseline 0.003 -15"><span class='ocrx_word' id='word_1_4' title='bbox 246 179 318 215; x_wconf 77' lang='lat' dir='ltr'>DE</span> <span class='ocrx_word' id='word_1_5' title='bbox 352 179 517 217; x_wconf 78' lang='lat' dir='ltr'>DOMO</span> <span class='ocrx_word' id='word_1_6' title='bbox 548 180 651 216; x_wconf 66' lang='lat' dir='ltr'>SVA</span> <span class='ocrx_word' id='word_1_7' title='bbox 676 181 752 216; x_wconf 77' lang='lat' dir='ltr'>Al)</span> <span class='ocrx_word' id='word_1_8' title='bbox 785 181 1118 219; x_wconf 82' lang='lat' dir='ltr'>PONTIFICES</span> <span class='ocrx_word' id='word_1_9' title='bbox 1150 183 1366 220; x_wconf 64' lang='lat' dir='ltr'><strong>ORATIO</strong></span> <span class='ocrx_word' id='word_1_10' title='bbox 1425 194 1467 228; x_wconf 91' lang='lat'>14</span> <span class='ocrx_word' id='word_1_11' title='bbox 1489 187 1528 224; x_wconf 82' lang='lat'>36</span> 
     </span>
    </p>
   </div>
   <div class='ocr_carea' id='block_1_5' title="bbox 112 286 1523 2092">
    <p class='ocr_par' dir='ltr' id='par_1_5' title="bbox 112 286 1523 2092">
     <span class='ocr_line' id='line_1_5' title="bbox 142 286 1467 340; baseline 0.005 -17"><span class='ocrx_word' id='word_1_12' title='bbox 142 294 207 333; x_wconf 74' lang='lat' dir='ltr'>rat,</span> <span class='ocrx_word' id='word_1_13' title='bbox 233 295 269 324; x_wconf 85' lang='lat' dir='ltr'>et</span> <span class='ocrx_word' id='word_1_14' title='bbox 298 286 350 324; x_wconf 81' lang='lat' dir='ltr'>ita</span> <span class='ocrx_word' id='word_1_15' title='bbox 369 288 530 336; x_wconf 84' lang='lat' dir='ltr'>adoptet</span> <span class='ocrx_word' id='word_1_16' title='bbox 556 295 595 325; x_wconf 86' lang='lat' dir='ltr'>ut</span> <span class='ocrx_word' id='word_1_17' title='bbox 619 302 667 326; x_wconf 94' lang='lat' dir='ltr'>ne</span> <span class='ocrx_word' id='word_1_18' title='bbox 688 288 783 338; x_wconf 83' lang='lat' dir='ltr'>quid</span> <span class='ocrx_word' id='word_1_19' title='bbox 809 297 874 326; x_wconf 81' lang='lat' dir='ltr'>aut</span> <span class='ocrx_word' id='word_1_20' title='bbox 900 290 950 327; x_wconf 90' lang='lat' dir='ltr'>de</span> <span class='ocrx_word' id='word_1_21' title='bbox 976 289 1163 339; x_wconf 82' lang='lat' dir='ltr'>dignitate</span> <span class='ocrx_word' id='word_1_22' title='bbox 1190 304 1375 340; x_wconf 75' lang='lat' dir='ltr'><strong>generum</strong></span> <span class='ocrx_word' id='word_1_23' title='bbox 1401 300 1467 329; x_wconf 86' lang='lat' dir='ltr'>aut</span> 
     </span>
     <span class='ocr_line' id='line_1_6' title="bbox 140 351 1467 406; baseline 0.005 -18"><span class='ocrx_word' id='word_1_24' title='bbox 140 353 189 389; x_wconf 91' lang='lat' dir='ltr'>de</span> <span class='ocrx_word' id='word_1_25' title='bbox 224 366 419 389; x_wconf 85' lang='lat' dir='ltr'>sacrorum</span> <span class='ocrx_word' id='word_1_26' title='bbox 454 351 639 401; x_wconf 79' lang='lat' dir='ltr'>religione</span> <span class='ocrx_word' id='word_1_27' title='bbox 674 354 891 392; x_wconf 86' lang='lat' dir='ltr'>minuatur:</span> <span class='ocrx_word' id='word_1_28' title='bbox 928 354 1023 393; x_wconf 90' lang='lat' dir='ltr'>illud</span> <span class='ocrx_word' id='word_1_29' title='bbox 1054 356 1093 392; x_wconf 90' lang='lat' dir='ltr'>in</span> <span class='ocrx_word' id='word_1_30' title='bbox 1127 355 1270 405; x_wconf 83' lang='lat' dir='ltr'>primis,</span> <span class='ocrx_word' id='word_1_31' title='bbox 1306 370 1355 394; x_wconf 91' lang='lat' dir='ltr'>ne</span> <span class='ocrx_word' id='word_1_32' title='bbox 1390 371 1467 406; x_wconf 81' lang='lat' dir='ltr'>qua</span> 
     </span>
     <span class='ocr_line' id='line_1_7' title="bbox 139 417 1465 468; baseline 0.004 -14"><span class='ocrx_word' id='word_1_33' title='bbox 139 417 342 464; x_wconf 85' lang='lat' dir='ltr'>calumnia,</span> <span class='ocrx_word' id='word_1_34' title='bbox 369 432 418 455; x_wconf 90' lang='lat' dir='ltr'>ne</span> <span class='ocrx_word' id='word_1_35' title='bbox 442 432 521 467; x_wconf 78' lang='lat' dir='ltr'>qua</span> <span class='ocrx_word' id='word_1_36' title='bbox 551 418 663 463; x_wconf 61' lang='lat' dir='ltr'>fram,</span> <span class='ocrx_word' id='word_1_37' title='bbox 694 432 742 456; x_wconf 91' lang='lat' dir='ltr'>ne</span> <span class='ocrx_word' id='word_1_38' title='bbox 771 419 837 468; x_wconf 82' lang='lat' dir='ltr'>qui</span> <span class='ocrx_word' id='word_1_39' title='bbox 866 421 979 457; x_wconf 88' lang='lat' dir='ltr'>dolus</span> <span class='ocrx_word' id='word_1_40' title='bbox 1007 420 1263 459; x_wconf 72' lang='lat' dir='ltr'>adhibeatur:</span> <span class='ocrx_word' id='word_1_41' title='bbox 1300 430 1341 459; x_wconf 87' lang='lat' dir='ltr'>ut</span> <span class='ocrx_word' id='word_1_42' title='bbox 1370 423 1465 459; x_wconf 83' lang='lat' dir='ltr'>haec</span> 
     </span>
     <span class='ocr_line' id='line_1_8' title="bbox 137 481 1464 536; baseline 0.004 -18"><span class='ocrx_word' id='word_1_43' title='bbox 137 481 315 520; x_wconf 85' lang='lat' dir='ltr'>simulata</span> <span class='ocrx_word' id='word_1_44' title='bbox 335 482 496 531; x_wconf 82' lang='lat' dir='ltr'>adoptio</span> <span class='ocrx_word' id='word_1_45' title='bbox 515 482 566 520; x_wconf 81' lang='lat' dir='ltr'>fili</span> <span class='ocrx_word' id='word_1_46' title='bbox 587 497 706 531; x_wconf 83' lang='lat' dir='ltr'>quam</span> <span class='ocrx_word' id='word_1_47' title='bbox 724 484 892 521; x_wconf 78' lang='lat' dir='ltr'>maxime</span> <span class='ocrx_word' id='word_1_48' title='bbox 909 484 1109 522; x_wconf 82' lang='lat' dir='ltr'>veritatem</span> <span class='ocrx_word' id='word_1_49' title='bbox 1131 485 1235 522; x_wconf 88' lang='lat' dir='ltr'>illam</span> <span class='ocrx_word' id='word_1_50' title='bbox 1254 486 1464 536; x_wconf 87' lang='lat' dir='ltr'>suscipien-</span> 
     </span>
     <span class='ocr_line' id='line_1_9' title="bbox 135 547 1523 599; baseline 0.004 -15"><span class='ocrx_word' id='word_1_51' title='bbox 135 548 273 584; x_wconf 92' lang='lat' dir='ltr'>dorum</span> <span class='ocrx_word' id='word_1_52' title='bbox 292 547 501 585; x_wconf 88' lang='lat' dir='ltr'>liberorum</span> <span class='ocrx_word' id='word_1_53' title='bbox 519 548 666 585; x_wconf 85' lang='lat' dir='ltr'>imitata</span> <span class='ocrx_word' id='word_1_54' title='bbox 683 562 767 586; x_wconf 86' lang='lat' dir='ltr'>esse</span> <span class='ocrx_word' id='word_1_55' title='bbox 781 549 966 586; x_wconf 90' lang='lat' dir='ltr'>videatur.</span> <span class='ocrx_word' id='word_1_56' title='bbox 1001 552 1116 598; x_wconf 83' lang='lat' dir='ltr'>Quae</span> <span class='ocrx_word' id='word_1_57' title='bbox 1130 550 1253 587; x_wconf 85' lang='lat' dir='ltr'>maior</span> <span class='ocrx_word' id='word_1_58' title='bbox 1269 551 1464 589; x_wconf 81' lang='lat' dir='ltr'>calumnia</span> <span class='ocrx_word' id='word_1_59' title='bbox 1485 567 1523 599; x_wconf 75' lang='lat'>37</span> 
     </span>
     <span class='ocr_line' id='line_1_10' title="bbox 134 613 1461 662; baseline 0.003 -13"><span class='ocrx_word' id='word_1_60' title='bbox 134 620 190 650; x_wconf 85' lang='lat' dir='ltr'>est</span> <span class='ocrx_word' id='word_1_61' title='bbox 219 626 335 662; x_wconf 85' lang='lat' dir='ltr'>quam</span> <span class='ocrx_word' id='word_1_62' title='bbox 358 613 487 651; x_wconf 80' lang='lat' dir='ltr'>venire</span> <span class='ocrx_word' id='word_1_63' title='bbox 513 613 735 652; x_wconf 84' lang='lat' dir='ltr'>imberbum</span> <span class='ocrx_word' id='word_1_64' title='bbox 762 615 1114 661; x_wconf 84' lang='lat' dir='ltr'>adulescentulum,</span> <span class='ocrx_word' id='word_1_65' title='bbox 1145 615 1247 652; x_wconf 89' lang='lat' dir='ltr'>bene</span> <span class='ocrx_word' id='word_1_66' title='bbox 1266 617 1461 653; x_wconf 88' lang='lat' dir='ltr'>valentem</span> 
     </span>
     <span class='ocr_line' id='line_1_11' title="bbox 132 677 1461 728; baseline 0.003 -15"><span class='ocrx_word' id='word_1_67' title='bbox 132 690 178 714; x_wconf 88' lang='lat' dir='ltr'>ac</span> <span class='ocrx_word' id='word_1_68' title='bbox 211 677 402 724; x_wconf 89' lang='lat' dir='ltr'>maritum,</span> <span class='ocrx_word' id='word_1_69' title='bbox 435 678 567 716; x_wconf 77' lang='lat' dir='ltr'><strong>dicere</strong></span> <span class='ocrx_word' id='word_1_70' title='bbox 597 678 722 715; x_wconf 88' lang='lat' dir='ltr'>filium</span> <span class='ocrx_word' id='word_1_71' title='bbox 757 686 978 716; x_wconf 81' lang='lat' dir='ltr'>senatorem</span> <span class='ocrx_word' id='word_1_72' title='bbox 1012 678 1149 728; x_wconf 83' lang='lat' dir='ltr'>populi</span> <span class='ocrx_word' id='word_1_73' title='bbox 1187 679 1358 716; x_wconf 88' lang='lat' dir='ltr'>Romani</span> <span class='ocrx_word' id='word_1_74' title='bbox 1388 680 1461 718; x_wconf 87' lang='lat' dir='ltr'>sibi</span> 
     </span>
     <span class='ocr_line' id='line_1_12' title="bbox 131 741 1461 791; baseline 0.004 -14"><span class='ocrx_word' id='word_1_75' title='bbox 131 742 230 778; x_wconf 81' lang='lat' dir='ltr'>velle</span> <span class='ocrx_word' id='word_1_76' title='bbox 252 743 465 791; x_wconf 83' lang='lat' dir='ltr'>adoptare3</span> <span class='ocrx_word' id='word_1_77' title='bbox 495 741 534 779; x_wconf 90' lang='lat' dir='ltr'>id</span> <span class='ocrx_word' id='word_1_78' title='bbox 554 751 686 780; x_wconf 89' lang='lat' dir='ltr'>autem</span> <span class='ocrx_word' id='word_1_79' title='bbox 715 742 812 780; x_wconf 87' lang='lat' dir='ltr'>scire</span> <span class='ocrx_word' id='word_1_80' title='bbox 836 750 875 781; x_wconf 87' lang='lat' dir='ltr'>et</span> <span class='ocrx_word' id='word_1_81' title='bbox 898 742 1029 781; x_wconf 86' lang='lat' dir='ltr'>videre</span> <span class='ocrx_word' id='word_1_82' title='bbox 1057 742 1198 790; x_wconf 87' lang='lat' dir='ltr'>omnis,</span> <span class='ocrx_word' id='word_1_83' title='bbox 1222 757 1302 782; x_wconf 92' lang='lat' dir='ltr'>non</span> <span class='ocrx_word' id='word_1_84' title='bbox 1330 751 1370 781; x_wconf 92' lang='lat' dir='ltr'>ut</span> <span class='ocrx_word' id='word_1_85' title='bbox 1398 744 1461 782; x_wconf 83' lang='lat' dir='ltr'>ille</span> 
     </span>
     <span class='ocr_line' id='line_1_13' title="bbox 131 805 1459 858; baseline 0.005 -16"><span class='ocrx_word' id='word_1_86' title='bbox 131 805 230 844; x_wconf 81' lang='lat' dir='ltr'>filius</span> <span class='ocrx_word' id='word_1_87' title='bbox 256 805 488 854; x_wconf 78' lang='lat' dir='ltr'>instituatur,</span> <span class='ocrx_word' id='word_1_88' title='bbox 511 808 580 845; x_wconf 88' lang='lat' dir='ltr'>sed</span> <span class='ocrx_word' id='word_1_89' title='bbox 608 815 649 845; x_wconf 92' lang='lat' dir='ltr'>ut</span> <span class='ocrx_word' id='word_1_90' title='bbox 677 821 698 845; x_wconf 94' lang='lat' dir='ltr'>e</span> <span class='ocrx_word' id='word_1_91' title='bbox 724 807 894 857; x_wconf 88' lang='lat' dir='ltr'>patriciis</span> <span class='ocrx_word' id='word_1_92' title='bbox 923 815 1032 846; x_wconf 84' lang='lat' dir='ltr'>exeat</span> <span class='ocrx_word' id='word_1_93' title='bbox 1060 813 1096 845; x_wconf 80' lang='lat' dir='ltr'>el</span> <span class='ocrx_word' id='word_1_94' title='bbox 1123 808 1302 846; x_wconf 87' lang='lat' dir='ltr'>tribunus</span> <span class='ocrx_word' id='word_1_95' title='bbox 1334 810 1459 858; x_wconf 84' lang='lat' dir='ltr'>plebis</span> 
     </span>
     <span class='ocr_line' id='line_1_14' title="bbox 129 871 1460 924; baseline 0.003 -15"><span class='ocrx_word' id='word_1_96' title='bbox 129 871 208 909; x_wconf 88' lang='lat' dir='ltr'>fieri</span> <span class='ocrx_word' id='word_1_97' title='bbox 226 873 359 921; x_wconf 84' lang='lat' dir='ltr'>possit,</span> <span class='ocrx_word' id='word_1_98' title='bbox 376 871 523 910; x_wconf 90' lang='lat' dir='ltr'>idcirco</span> <span class='ocrx_word' id='word_1_99' title='bbox 540 871 716 922; x_wconf 87' lang='lat' dir='ltr'>adoptari</span> <span class='ocrx_word' id='word_1_100' title='bbox 731 873 747 909; x_wconf 90' lang='lat'>?</span> <span class='ocrx_word' id='word_1_101' title='bbox 773 886 903 922; x_wconf 81' lang='lat' dir='ltr'>neque</span> <span class='ocrx_word' id='word_1_102' title='bbox 920 872 959 910; x_wconf 89' lang='lat' dir='ltr'>id</span> <span class='ocrx_word' id='word_1_103' title='bbox 976 873 1143 911; x_wconf 81' lang='lat' dir='ltr'>obscure</span> <span class='ocrx_word' id='word_1_104' title='bbox 1158 888 1167 920; x_wconf 75' lang='lat'><em>3</em></span> <span class='ocrx_word' id='word_1_105' title='bbox 1194 888 1284 911; x_wconf 92' lang='lat' dir='ltr'>nam</span> <span class='ocrx_word' id='word_1_106' title='bbox 1300 876 1460 924; x_wconf 61' lang='lat' dir='ltr'>adopta&lt;</span> 
     </span>
     <span class='ocr_line' id='line_1_15' title="bbox 127 937 1458 988; baseline 0.003 -14"><span class='ocrx_word' id='word_1_107' title='bbox 127 944 211 974; x_wconf 88' lang='lat' dir='ltr'>tum</span> <span class='ocrx_word' id='word_1_108' title='bbox 233 937 469 987; x_wconf 86' lang='lat' dir='ltr'>emancipari</span> <span class='ocrx_word' id='word_1_109' title='bbox 495 937 636 985; x_wconf 89' lang='lat' dir='ltr'>statim,</span> <span class='ocrx_word' id='word_1_110' title='bbox 660 951 710 975; x_wconf 93' lang='lat' dir='ltr'>ne</span> <span class='ocrx_word' id='word_1_111' title='bbox 731 937 777 975; x_wconf 89' lang='lat' dir='ltr'>sit</span> <span class='ocrx_word' id='word_1_112' title='bbox 799 937 881 975; x_wconf 88' lang='lat' dir='ltr'>eius</span> <span class='ocrx_word' id='word_1_113' title='bbox 903 937 1002 975; x_wconf 90' lang='lat' dir='ltr'>filius</span> <span class='ocrx_word' id='word_1_114' title='bbox 1025 937 1090 987; x_wconf 85' lang='lat' dir='ltr'>qui</span> <span class='ocrx_word' id='word_1_115' title='bbox 1112 939 1316 988; x_wconf 85' lang='lat' dir='ltr'>adoptarit.</span> <span class='ocrx_word' id='word_1_116' title='bbox 1378 942 1458 979; x_wconf 88' lang='lat' dir='ltr'>Cur</span> 
     </span>
     <span class='ocr_line' id='line_1_16' title="bbox 127 1002 1456 1052; baseline 0.003 -13"><span class='ocrx_word' id='word_1_117' title='bbox 127 1015 218 1051; x_wconf 82' lang='lat' dir='ltr'>ergo</span> <span class='ocrx_word' id='word_1_118' title='bbox 247 1003 490 1052; x_wconf 87' lang='lat' dir='ltr'>adoptabat?</span> <span class='ocrx_word' id='word_1_119' title='bbox 547 1003 716 1041; x_wconf 85' lang='lat' dir='ltr'>Probate</span> <span class='ocrx_word' id='word_1_120' title='bbox 743 1016 865 1052; x_wconf 82' lang='lat' dir='ltr'>genus</span> <span class='ocrx_word' id='word_1_121' title='bbox 893 1002 1142 1052; x_wconf 86' lang='lat' dir='ltr'>adoptionis:</span> <span class='ocrx_word' id='word_1_122' title='bbox 1173 1005 1249 1041; x_wconf 88' lang='lat' dir='ltr'>iam</span> <span class='ocrx_word' id='word_1_123' title='bbox 1278 1004 1456 1043; x_wconf 90' lang='lat' dir='ltr'>omnium</span> 
     </span>
     <span class='ocr_line' id='line_1_17' title="bbox 126 1067 1453 1117; baseline 0.003 -13"><span class='ocrx_word' id='word_1_124' title='bbox 126 1080 232 1104; x_wconf 86' lang='lat' dir='ltr'>sacra</span> <span class='ocrx_word' id='word_1_125' title='bbox 268 1067 490 1114; x_wconf 79' lang='lat' dir='ltr'>interierint,</span> <span class='ocrx_word' id='word_1_126' title='bbox 528 1081 695 1117; x_wconf 84' lang='lat' dir='ltr'>quorum</span> <span class='ocrx_word' id='word_1_127' title='bbox 731 1068 915 1105; x_wconf 87' lang='lat' dir='ltr'>custodes</span> <span class='ocrx_word' id='word_1_128' title='bbox 951 1081 1019 1106; x_wconf 80' lang='lat' dir='ltr'>vos</span> <span class='ocrx_word' id='word_1_129' title='bbox 1059 1082 1143 1106; x_wconf 90' lang='lat' dir='ltr'>esse</span> <span class='ocrx_word' id='word_1_130' title='bbox 1178 1069 1341 1116; x_wconf 88' lang='lat' dir='ltr'>debetis,</span> <span class='ocrx_word' id='word_1_131' title='bbox 1378 1070 1453 1108; x_wconf 88' lang='lat' dir='ltr'>iam</span> 
     </span>
     <span class='ocr_line' id='line_1_18' title="bbox 125 1132 1455 1183; baseline 0.003 -14"><span class='ocrx_word' id='word_1_132' title='bbox 125 1132 306 1181; x_wconf 89' lang='lat' dir='ltr'>patricius</span> <span class='ocrx_word' id='word_1_133' title='bbox 328 1146 445 1170; x_wconf 91' lang='lat' dir='ltr'>nemo</span> <span class='ocrx_word' id='word_1_134' title='bbox 474 1132 724 1182; x_wconf 79' lang='lat' dir='ltr'>relinquetur.</span> <span class='ocrx_word' id='word_1_135' title='bbox 787 1134 868 1172; x_wconf 91' lang='lat' dir='ltr'>Cur</span> <span class='ocrx_word' id='word_1_136' title='bbox 892 1134 996 1170; x_wconf 87' lang='lat' dir='ltr'>enim</span> <span class='ocrx_word' id='word_1_137' title='bbox 1025 1133 1232 1183; x_wconf 83' lang='lat' dir='ltr'>quisquam</span> <span class='ocrx_word' id='word_1_138' title='bbox 1255 1137 1369 1173; x_wconf 90' lang='lat' dir='ltr'>vellet</span> <span class='ocrx_word' id='word_1_139' title='bbox 1395 1136 1455 1173; x_wconf 95' lang='lat' dir='ltr'>tri-</span> 
     </span>
     <span class='ocr_line' id='line_1_19' title="bbox 124 1196 1453 1250; baseline 0.003 -16"><span class='ocrx_word' id='word_1_140' title='bbox 124 1196 274 1234; x_wconf 89' lang='lat' dir='ltr'>bunum</span> <span class='ocrx_word' id='word_1_141' title='bbox 297 1197 420 1247; x_wconf 88' lang='lat' dir='ltr'>plebis</span> <span class='ocrx_word' id='word_1_142' title='bbox 446 1211 486 1235; x_wconf 83' lang='lat' dir='ltr'>se</span> <span class='ocrx_word' id='word_1_143' title='bbox 508 1197 587 1235; x_wconf 88' lang='lat' dir='ltr'>fieri</span> <span class='ocrx_word' id='word_1_144' title='bbox 614 1211 694 1235; x_wconf 91' lang='lat' dir='ltr'>non</span> <span class='ocrx_word' id='word_1_145' title='bbox 715 1198 842 1243; x_wconf 90' lang='lat' dir='ltr'>licere,</span> <span class='ocrx_word' id='word_1_146' title='bbox 866 1199 1130 1247; x_wconf 77' lang='lat' dir='ltr'>angustiorem</span> <span class='ocrx_word' id='word_1_147' title='bbox 1155 1198 1228 1237; x_wconf 92' lang='lat' dir='ltr'>sibi</span> <span class='ocrx_word' id='word_1_148' title='bbox 1254 1213 1338 1238; x_wconf 90' lang='lat' dir='ltr'>esse</span> <span class='ocrx_word' id='word_1_149' title='bbox 1360 1200 1453 1250; x_wconf 87' lang='lat' dir='ltr'>peti-</span> 
     </span>
     <span class='ocr_line' id='line_1_20' title="bbox 125 1261 1452 1315; baseline 0.004 -16"><span class='ocrx_word' id='word_1_150' title='bbox 125 1261 270 1300; x_wconf 90' lang='lat' dir='ltr'>tionem</span> <span class='ocrx_word' id='word_1_151' title='bbox 299 1264 536 1308; x_wconf 87' lang='lat' dir='ltr'>consulatus,</span> <span class='ocrx_word' id='word_1_152' title='bbox 567 1262 606 1300; x_wconf 86' lang='lat' dir='ltr'>in</span> <span class='ocrx_word' id='word_1_153' title='bbox 632 1262 894 1301; x_wconf 78' lang='lat' dir='ltr'>sacerdotium</span> <span class='ocrx_word' id='word_1_154' title='bbox 922 1277 1011 1300; x_wconf 93' lang='lat' dir='ltr'>cum</span> <span class='ocrx_word' id='word_1_155' title='bbox 1043 1263 1166 1312; x_wconf 86' lang='lat' dir='ltr'>possit</span> <span class='ocrx_word' id='word_1_156' title='bbox 1191 1264 1332 1311; x_wconf 81' lang='lat' dir='ltr'>venire,</span> <span class='ocrx_word' id='word_1_157' title='bbox 1360 1266 1452 1315; x_wconf 80' lang='lat' dir='ltr'>quia</span> 
     </span>
     <span class='ocr_line' id='line_1_21' title="bbox 122 1326 1449 1380; baseline 0.003 -16"><span class='ocrx_word' id='word_1_158' title='bbox 122 1326 284 1375; x_wconf 86' lang='lat' dir='ltr'>patricio</span> <span class='ocrx_word' id='word_1_159' title='bbox 316 1341 396 1364; x_wconf 90' lang='lat' dir='ltr'>non</span> <span class='ocrx_word' id='word_1_160' title='bbox 426 1327 474 1364; x_wconf 89' lang='lat' dir='ltr'>sit</span> <span class='ocrx_word' id='word_1_161' title='bbox 505 1328 534 1364; x_wconf 85' lang='lat' dir='ltr'>is</span> <span class='ocrx_word' id='word_1_162' title='bbox 563 1328 683 1373; x_wconf 91' lang='lat' dir='ltr'>locus,</span> <span class='ocrx_word' id='word_1_163' title='bbox 721 1341 801 1365; x_wconf 88' lang='lat' dir='ltr'>non</span> <span class='ocrx_word' id='word_1_164' title='bbox 830 1327 990 1365; x_wconf 79' lang='lat' dir='ltr'>venire?</span> <span class='ocrx_word' id='word_1_165' title='bbox 1047 1330 1099 1366; x_wconf 88' lang='lat' dir='ltr'>Vt</span> <span class='ocrx_word' id='word_1_166' title='bbox 1132 1329 1273 1379; x_wconf 84' lang='lat' dir='ltr'>cuique</span> <span class='ocrx_word' id='word_1_167' title='bbox 1300 1330 1449 1380; x_wconf 85' lang='lat' dir='ltr'>aliquid</span> 
     </span>
     <span class='ocr_line' id='line_1_22' title="bbox 120 1391 1448 1442; baseline 0.004 -13"><span class='ocrx_word' id='word_1_168' title='bbox 120 1391 302 1429; x_wconf 86' lang='lat' dir='ltr'>acciderit</span> <span class='ocrx_word' id='word_1_169' title='bbox 324 1406 401 1441; x_wconf 83' lang='lat' dir='ltr'>qua</span> <span class='ocrx_word' id='word_1_170' title='bbox 422 1405 461 1430; x_wconf 87' lang='lat' dir='ltr'>re</span> <span class='ocrx_word' id='word_1_171' title='bbox 482 1393 732 1430; x_wconf 83' lang='lat' dir='ltr'>commodius</span> <span class='ocrx_word' id='word_1_172' title='bbox 754 1391 801 1429; x_wconf 83' lang='lat' dir='ltr'>sit</span> <span class='ocrx_word' id='word_1_173' title='bbox 822 1406 909 1430; x_wconf 89' lang='lat' dir='ltr'>esse</span> <span class='ocrx_word' id='word_1_174' title='bbox 928 1392 1138 1442; x_wconf 84' lang='lat' dir='ltr'>plebeium,</span> <span class='ocrx_word' id='word_1_175' title='bbox 1162 1394 1277 1432; x_wconf 82' lang='lat' dir='ltr'>simili</span> <span class='ocrx_word' id='word_1_176' title='bbox 1298 1395 1448 1434; x_wconf 88' lang='lat' dir='ltr'>ratione</span> 
     </span>
     <span class='ocr_line' id='line_1_23' title="bbox 119 1457 1509 1511; baseline 0.004 -17"><span class='ocrx_word' id='word_1_177' title='bbox 119 1457 379 1506; x_wconf 84' lang='lat' dir='ltr'>adoptabitur.</span> <span class='ocrx_word' id='word_1_178' title='bbox 441 1459 501 1494; x_wconf 87' lang='lat' dir='ltr'>Ita</span> <span class='ocrx_word' id='word_1_179' title='bbox 532 1458 700 1507; x_wconf 84' lang='lat' dir='ltr'>populus</span> <span class='ocrx_word' id='word_1_180' title='bbox 734 1459 938 1495; x_wconf 89' lang='lat' dir='ltr'>Romanus</span> <span class='ocrx_word' id='word_1_181' title='bbox 971 1458 1076 1496; x_wconf 88' lang='lat' dir='ltr'>brevi</span> <span class='ocrx_word' id='word_1_182' title='bbox 1108 1467 1284 1510; x_wconf 90' lang='lat' dir='ltr'>tempore</span> <span class='ocrx_word' id='word_1_183' title='bbox 1318 1475 1446 1511; x_wconf 81' lang='lat' dir='ltr'>neque</span> <span class='ocrx_word' id='word_1_184' title='bbox 1467 1469 1509 1509; x_wconf 81' lang='lat'>38</span> 
     </span>
     <span class='ocr_line' id='line_1_24' title="bbox 119 1521 1447 1573; baseline 0.004 -14"><span class='ocrx_word' id='word_1_185' title='bbox 119 1536 247 1571; x_wconf 84' lang='lat' dir='ltr'>regem</span> <span class='ocrx_word' id='word_1_186' title='bbox 275 1536 471 1560; x_wconf 88' lang='lat' dir='ltr'>sacrorum</span> <span class='ocrx_word' id='word_1_187' title='bbox 498 1536 626 1572; x_wconf 87' lang='lat' dir='ltr'>neque</span> <span class='ocrx_word' id='word_1_188' title='bbox 654 1521 829 1560; x_wconf 85' lang='lat' dir='ltr'>flamines</span> <span class='ocrx_word' id='word_1_189' title='bbox 857 1537 930 1561; x_wconf 93' lang='lat' dir='ltr'>nec</span> <span class='ocrx_word' id='word_1_190' title='bbox 955 1523 1077 1562; x_wconf 85' lang='lat' dir='ltr'>Salios</span> <span class='ocrx_word' id='word_1_191' title='bbox 1105 1524 1276 1573; x_wconf 86' lang='lat' dir='ltr'>habebit,</span> <span class='ocrx_word' id='word_1_192' title='bbox 1304 1540 1376 1564; x_wconf 90' lang='lat' dir='ltr'>nec</span> <span class='ocrx_word' id='word_1_193' title='bbox 1401 1541 1447 1565; x_wconf 87' lang='lat' dir='ltr'>ex</span> 
     </span>
     <span class='ocr_line' id='line_1_25' title="bbox 118 1587 1447 1638; baseline 0.004 -14"><span class='ocrx_word' id='word_1_194' title='bbox 118 1596 224 1636; x_wconf 88' lang='lat' dir='ltr'>parte</span> <span class='ocrx_word' id='word_1_195' title='bbox 255 1587 417 1625; x_wconf 89' lang='lat' dir='ltr'>dimidia</span> <span class='ocrx_word' id='word_1_196' title='bbox 446 1589 614 1637; x_wconf 81' lang='lat' dir='ltr'>reliquos</span> <span class='ocrx_word' id='word_1_197' title='bbox 644 1589 866 1626; x_wconf 77' lang='lat' dir='ltr'>sacerdotes</span> <span class='ocrx_word' id='word_1_198' title='bbox 894 1602 1023 1638; x_wconf 83' lang='lat' dir='ltr'>neque</span> <span class='ocrx_word' id='word_1_199' title='bbox 1049 1598 1228 1628; x_wconf 80' lang='lat' dir='ltr'>auctores</span> <span class='ocrx_word' id='word_1_200' title='bbox 1258 1593 1447 1629; x_wconf 87' lang='lat' dir='ltr'>centuria-</span> 
     </span>
     <span class='ocr_line' id='line_1_26' title="bbox 117 1652 1443 1705; baseline 0.004 -16"><span class='ocrx_word' id='word_1_201' title='bbox 117 1660 243 1690; x_wconf 90' lang='lat' dir='ltr'>torum</span> <span class='ocrx_word' id='word_1_202' title='bbox 261 1661 297 1690; x_wconf 92' lang='lat' dir='ltr'>et</span> <span class='ocrx_word' id='word_1_203' title='bbox 314 1652 549 1691; x_wconf 82' lang='lat' dir='ltr'>curiatorum</span> <span class='ocrx_word' id='word_1_204' title='bbox 567 1653 827 1699; x_wconf 84' lang='lat' dir='ltr'>comitiorum,</span> <span class='ocrx_word' id='word_1_205' title='bbox 843 1654 1094 1704; x_wconf 82' lang='lat' dir='ltr'>auspiciaque</span> <span class='ocrx_word' id='word_1_206' title='bbox 1111 1657 1244 1705; x_wconf 92' lang='lat' dir='ltr'>populi</span> <span class='ocrx_word' id='word_1_207' title='bbox 1261 1657 1443 1703; x_wconf 85' lang='lat' dir='ltr'>Romani,</span> 
     </span>
     <span class='ocr_line' id='line_1_27' title="bbox 117 1716 1442 1769; baseline 0.004 -15"><span class='ocrx_word' id='word_1_208' title='bbox 117 1716 145 1753; x_wconf 92' lang='lat' dir='ltr'>si</span> <span class='ocrx_word' id='word_1_209' title='bbox 173 1718 415 1767; x_wconf 82' lang='lat' dir='ltr'>magistratus</span> <span class='ocrx_word' id='word_1_210' title='bbox 441 1717 590 1768; x_wconf 86' lang='lat' dir='ltr'>patricii</span> <span class='ocrx_word' id='word_1_211' title='bbox 611 1718 728 1756; x_wconf 83' lang='lat' dir='ltr'>creati</span> <span class='ocrx_word' id='word_1_212' title='bbox 757 1732 837 1756; x_wconf 88' lang='lat' dir='ltr'>non</span> <span class='ocrx_word' id='word_1_213' title='bbox 866 1718 952 1766; x_wconf 90' lang='lat' dir='ltr'>sint,</span> <span class='ocrx_word' id='word_1_214' title='bbox 978 1719 1169 1758; x_wconf 87' lang='lat' dir='ltr'>intereant</span> <span class='ocrx_word' id='word_1_215' title='bbox 1188 1734 1350 1759; x_wconf 84' lang='lat' dir='ltr'>necesse</span> <span class='ocrx_word' id='word_1_216' title='bbox 1374 1729 1442 1769; x_wconf 87' lang='lat' dir='ltr'>est,</span> 
     </span>
     <span class='ocr_line' id='line_1_28' title="bbox 117 1782 1444 1834; baseline 0.005 -15"><span class='ocrx_word' id='word_1_217' title='bbox 117 1795 206 1819; x_wconf 91' lang='lat' dir='ltr'>cum</span> <span class='ocrx_word' id='word_1_218' title='bbox 234 1782 399 1821; x_wconf 81' lang='lat' dir='ltr'>interrex</span> <span class='ocrx_word' id='word_1_219' title='bbox 429 1784 559 1821; x_wconf 90' lang='lat' dir='ltr'>nullus</span> <span class='ocrx_word' id='word_1_220' title='bbox 589 1783 648 1830; x_wconf 89' lang='lat' dir='ltr'>sit,</span> <span class='ocrx_word' id='word_1_221' title='bbox 680 1784 789 1833; x_wconf 85' lang='lat' dir='ltr'>quod</span> <span class='ocrx_word' id='word_1_222' title='bbox 823 1792 861 1822; x_wconf 91' lang='lat' dir='ltr'>et</span> <span class='ocrx_word' id='word_1_223' title='bbox 892 1784 1019 1834; x_wconf 85' lang='lat' dir='ltr'>ipsum</span> <span class='ocrx_word' id='word_1_224' title='bbox 1050 1784 1255 1834; x_wconf 87' lang='lat' dir='ltr'>patricium</span> <span class='ocrx_word' id='word_1_225' title='bbox 1290 1800 1374 1824; x_wconf 90' lang='lat' dir='ltr'>esse</span> <span class='ocrx_word' id='word_1_226' title='bbox 1401 1795 1444 1825; x_wconf 18' lang='lat' dir='ltr'>set</span> 
     </span>
     <span class='ocr_line' id='line_1_29' title="bbox 115 1847 1441 1900; baseline 0.004 -16"><span class='ocrx_word' id='word_1_227' title='bbox 115 1861 137 1884; x_wconf 89' lang='lat' dir='ltr'>a</span> <span class='ocrx_word' id='word_1_228' title='bbox 167 1847 336 1897; x_wconf 88' lang='lat' dir='ltr'>patriciis</span> <span class='ocrx_word' id='word_1_229' title='bbox 367 1847 480 1898; x_wconf 89' lang='lat' dir='ltr'>prodi</span> <span class='ocrx_word' id='word_1_230' title='bbox 509 1862 672 1887; x_wconf 88' lang='lat' dir='ltr'>necesse</span> <span class='ocrx_word' id='word_1_231' title='bbox 699 1856 769 1887; x_wconf 89' lang='lat' dir='ltr'>est.</span> <span class='ocrx_word' id='word_1_232' title='bbox 840 1848 930 1886; x_wconf 85' lang='lat' dir='ltr'>Dixi</span> <span class='ocrx_word' id='word_1_233' title='bbox 959 1850 1066 1899; x_wconf 86' lang='lat' dir='ltr'>apud</span> <span class='ocrx_word' id='word_1_234' title='bbox 1096 1850 1302 1900; x_wconf 87' lang='lat' dir='ltr'>pontifices</span> <span class='ocrx_word' id='word_1_235' title='bbox 1328 1850 1441 1889; x_wconf 87' lang='lat' dir='ltr'>istam</span> 
     </span>
     <span class='ocr_line' id='line_1_30' title="bbox 114 1912 1442 1965; baseline 0.004 -16"><span class='ocrx_word' id='word_1_236' title='bbox 114 1912 369 1962; x_wconf 84' lang='lat' dir='ltr'>adoptionem</span> <span class='ocrx_word' id='word_1_237' title='bbox 402 1914 510 1951; x_wconf 92' lang='lat' dir='ltr'>nullo</span> <span class='ocrx_word' id='word_1_238' title='bbox 540 1915 699 1951; x_wconf 87' lang='lat' dir='ltr'>decreto</span> <span class='ocrx_word' id='word_1_239' title='bbox 733 1915 848 1952; x_wconf 90' lang='lat' dir='ltr'>huius</span> <span class='ocrx_word' id='word_1_240' title='bbox 876 1914 1030 1964; x_wconf 85' lang='lat' dir='ltr'>conlegi</span> <span class='ocrx_word' id='word_1_241' title='bbox 1057 1915 1273 1965; x_wconf 90' lang='lat' dir='ltr'>probatam,</span> <span class='ocrx_word' id='word_1_242' title='bbox 1306 1924 1442 1954; x_wconf 86' lang='lat' dir='ltr'>contra</span> 
     </span>
     <span class='ocr_line' id='line_1_31' title="bbox 113 1978 1440 2029; baseline 0.004 -15"><span class='ocrx_word' id='word_1_243' title='bbox 113 1991 230 2015; x_wconf 88' lang='lat' dir='ltr'>omne</span> <span class='ocrx_word' id='word_1_244' title='bbox 263 1978 493 2027; x_wconf 80' lang='lat' dir='ltr'>pontificum</span> <span class='ocrx_word' id='word_1_245' title='bbox 527 1979 585 2015; x_wconf 91' lang='lat' dir='ltr'>ius</span> <span class='ocrx_word' id='word_1_246' title='bbox 621 1980 773 2025; x_wconf 84' lang='lat' dir='ltr'>factam,</span> <span class='ocrx_word' id='word_1_247' title='bbox 812 1993 882 2028; x_wconf 92' lang='lat' dir='ltr'>pro</span> <span class='ocrx_word' id='word_1_248' title='bbox 916 1979 1039 2016; x_wconf 86' lang='lat' dir='ltr'>nihilo</span> <span class='ocrx_word' id='word_1_249' title='bbox 1074 1993 1158 2017; x_wconf 91' lang='lat' dir='ltr'>esse</span> <span class='ocrx_word' id='word_1_250' title='bbox 1190 1981 1440 2029; x_wconf 79' lang='lat' dir='ltr'>habendam,-</span> 
     </span>
     <span class='ocr_line' id='line_1_32' title="bbox 112 2042 1368 2092; baseline 0.004 -13"><span class='ocrx_word' id='word_1_251' title='bbox 112 2056 189 2091; x_wconf 83' lang='lat' dir='ltr'>qua</span> <span class='ocrx_word' id='word_1_252' title='bbox 210 2043 362 2080; x_wconf 87' lang='lat' dir='ltr'>sublata</span> <span class='ocrx_word' id='word_1_253' title='bbox 382 2042 574 2092; x_wconf 77' lang='lat' dir='ltr'>intellegis</span> <span class='ocrx_word' id='word_1_254' title='bbox 594 2050 720 2081; x_wconf 92' lang='lat' dir='ltr'>totum</span> <span class='ocrx_word' id='word_1_255' title='bbox 743 2043 984 2081; x_wconf 87' lang='lat' dir='ltr'>tribunatum</span> <span class='ocrx_word' id='word_1_256' title='bbox 1007 2052 1117 2082; x_wconf 87' lang='lat' dir='ltr'>tuum</span> <span class='ocrx_word' id='word_1_257' title='bbox 1139 2045 1368 2084; x_wconf 87' lang='lat' dir='ltr'>concidisse.</span> 
     </span>
    </p>
   </div>
   <div class='ocr_carea' id='block_1_6' title="bbox 164 2095 1499 2187">
    <p class='ocr_par' dir='ltr' id='par_1_6' title="bbox 164 2095 1499 2187">
     <span class='ocr_line' id='line_1_33' title="bbox 164 2095 1499 2187; baseline 0.004 -43"><span class='ocrx_word' id='word_1_258' title='bbox 164 2107 292 2145; x_wconf 72' lang='lat' dir='ltr'>Venio</span> <span class='ocrx_word' id='word_1_259' title='bbox 309 2109 357 2145; x_wconf 86' lang='lat' dir='ltr'>ad</span> <span class='ocrx_word' id='word_1_260' title='bbox 374 2121 548 2157; x_wconf 81' lang='lat' dir='ltr'>augures,</span> <span class='ocrx_word' id='word_1_261' title='bbox 568 2122 734 2157; x_wconf 82' lang='lat' dir='ltr'>quorum</span> <span class='ocrx_word' id='word_1_262' title='bbox 753 2122 826 2157; x_wconf 82' lang='lat' dir='ltr'>ego</span> <span class='ocrx_word' id='word_1_263' title='bbox 846 2108 975 2155; x_wconf 87' lang='lat' dir='ltr'>libros,</span> <span class='ocrx_word' id='word_1_264' title='bbox 995 2109 1025 2146; x_wconf 90' lang='lat' dir='ltr'>si</span> <span class='ocrx_word' id='word_1_265' title='bbox 1043 2109 1107 2158; x_wconf 81' lang='lat' dir='ltr'>qui</span> <span class='ocrx_word' id='word_1_266' title='bbox 1125 2118 1214 2148; x_wconf 86' lang='lat' dir='ltr'>sunt</span> <span class='ocrx_word' id='word_1_267' title='bbox 1231 2111 1433 2158; x_wconf 88' lang='lat' dir='ltr'>reconditi,</span> <span class='ocrx_word' id='word_1_268' title='bbox 1456 2095 1499 2187; x_wconf 55' lang='grc' dir='ltr'>ἒξ</span> 
     </span>
    </p>
   </div>
   <div class='ocr_carea' id='block_1_7' title="bbox 110 2210 1436 2547">
    <p class='ocr_par' dir='ltr' id='par_1_7' title="bbox 110 2210 1436 2510">
     <span class='ocr_line' id='line_1_34' title="bbox 154 2210 1436 2253; baseline 0.002 -12"><span class='ocrx_word' id='word_1_269' title='bbox 154 2221 171 2248; x_wconf 88' lang='lat'><strong>4</strong></span> <span class='ocrx_word' id='word_1_270' title='bbox 197 2212 335 2250; x_wconf 87' lang='lat' dir='ltr'>adoptio</span> <span class='ocrx_word' id='word_1_271' title='bbox 360 2210 551 2241; x_wconf 60' lang='lat' dir='ltr'>P2Hb5M:</span> <span class='ocrx_word' id='word_1_272' title='bbox 578 2210 713 2249; x_wconf 83' lang='lat' dir='ltr'>adeptio</span> <span class='ocrx_word' id='word_1_273' title='bbox 746 2211 996 2252; x_wconf 74' lang='lat' dir='ltr'>Pantagathus:</span> <span class='ocrx_word' id='word_1_274' title='bbox 1022 2214 1137 2253; x_wconf 80' lang='lat' dir='ltr'>adipio</span> <span class='ocrx_word' id='word_1_275' title='bbox 1170 2216 1210 2247; x_wconf 41' lang='lat'>³425</span> <span class='ocrx_word' id='word_1_276' title='bbox 1236 2214 1300 2244; x_wconf 72' lang='lat'>1³¹:</span> <span class='ocrx_word' id='word_1_277' title='bbox 1333 2215 1436 2245; x_wconf 84' lang='lat' dir='ltr'>aditio</span> 
     </span>
     <span class='ocr_line' id='line_1_35' title="bbox 113 2254 1434 2293; baseline 0.002 -8"><span class='ocrx_word' id='word_1_278' title='bbox 113 2255 177 2285; x_wconf 82' lang='lat' dir='ltr'>Ge:</span> <span class='ocrx_word' id='word_1_279' title='bbox 201 2254 343 2285; x_wconf 85' lang='lat' dir='ltr'>adiectio</span> <span class='ocrx_word' id='word_1_280' title='bbox 361 2254 432 2283; x_wconf 76' lang='grc' dir='ltr'>ΒΣΙ</span> <span class='ocrx_word' id='word_1_281' title='bbox 448 2257 476 2284; x_wconf 81' lang='lat' dir='ltr'>el</span> <span class='ocrx_word' id='word_1_282' title='bbox 492 2255 525 2284; x_wconf 81' lang='lat' dir='ltr'>in</span> <span class='ocrx_word' id='word_1_283' title='bbox 545 2265 612 2293; x_wconf 80' lang='lat' dir='ltr'>mg.</span> <span class='ocrx_word' id='word_1_284' title='bbox 632 2254 664 2283; x_wconf 82' lang='lat' dir='ltr'><em>P</em></span> <span class='ocrx_word' id='word_1_285' title='bbox 825 2258 845 2285; x_wconf 87' lang='grc'>6</span> <span class='ocrx_word' id='word_1_286' title='bbox 871 2257 1052 2287; x_wconf 86' lang='lat' dir='ltr'>imberbum</span> <span class='ocrx_word' id='word_1_287' title='bbox 1071 2257 1132 2287; x_wconf 83' lang='lat' dir='ltr'>PG</span> <span class='ocrx_word' id='word_1_288' title='bbox 1151 2256 1343 2288; x_wconf 76' lang='lat' dir='ltr'>Charisius:</span> <span class='ocrx_word' id='word_1_289' title='bbox 1369 2269 1434 2288; x_wconf 84' lang='lat' dir='ltr'>-cm</span> 
     </span>
     <span class='ocr_line' id='line_1_36' title="bbox 110 2297 1434 2341; baseline 0.004 -15"><span class='ocrx_word' id='word_1_290' title='bbox 110 2298 274 2328; x_wconf 64' lang='lat' dir='ltr'>Blevlek</span> <span class='ocrx_word' id='word_1_291' title='bbox 426 2308 441 2336; x_wconf 92' lang='lat'><strong>7</strong></span> <span class='ocrx_word' id='word_1_292' title='bbox 468 2299 599 2328; x_wconf 84' lang='lat' dir='ltr'>diceres</span> <span class='ocrx_word' id='word_1_293' title='bbox 617 2297 787 2327; x_wconf 76' lang='lat' dir='ltr'>P¹Gl2Mez</span> <span class='ocrx_word' id='word_1_294' title='bbox 815 2299 926 2328; x_wconf 84' lang='lat' dir='ltr'>dicere</span> <span class='ocrx_word' id='word_1_295' title='bbox 944 2300 1036 2330; x_wconf 74' lang='lat' dir='ltr'>P²Bt</span> <span class='ocrx_word' id='word_1_296' title='bbox 1056 2300 1135 2339; x_wconf 87' lang='lat' dir='ltr'>(dici</span> <span class='ocrx_word' id='word_1_297' title='bbox 1159 2301 1273 2341; x_wconf 84' lang='lat' dir='ltr'>eiusk)</span> <span class='ocrx_word' id='word_1_298' title='bbox 1291 2312 1298 2331; x_wconf 91' lang='lat'>:</span> <span class='ocrx_word' id='word_1_299' title='bbox 1323 2302 1434 2331; x_wconf 85' lang='lat' dir='ltr'>dicere</span> 
     </span>
     <span class='ocr_line' id='line_1_37' title="bbox 111 2341 1433 2384; baseline 0.002 -14"><span class='ocrx_word' id='word_1_300' title='bbox 111 2352 147 2371; x_wconf 87' lang='lat' dir='ltr'>se</span> <span class='ocrx_word' id='word_1_301' title='bbox 164 2341 279 2370; x_wconf 78' lang='lat' dir='ltr'>Baiter</span> <span class='ocrx_word' id='word_1_302' title='bbox 295 2341 384 2375; x_wconf 75' lang='lat' dir='ltr'><em>(Vnt.</em></span> <span class='ocrx_word' id='word_1_303' title='bbox 407 2344 421 2378; x_wconf 68' lang='grc' dir='ltr'><strong>ξ</strong></span> <span class='ocrx_word' id='word_1_304' title='bbox 442 2342 499 2381; x_wconf 74' lang='lat'>38)</span> <span class='ocrx_word' id='word_1_305' title='bbox 634 2352 653 2379; x_wconf 88' lang='lat'><strong>9</strong></span> <span class='ocrx_word' id='word_1_306' title='bbox 678 2346 711 2370; x_wconf 82' lang='lat' dir='ltr'>et</span> <span class='ocrx_word' id='word_1_307' title='bbox 729 2352 794 2371; x_wconf 82' lang='lat' dir='ltr'>om.</span> <span class='ocrx_word' id='word_1_308' title='bbox 814 2342 905 2372; x_wconf 85' lang='lat' dir='ltr'>codd.</span> <span class='ocrx_word' id='word_1_309' title='bbox 925 2347 952 2372; x_wconf 72' lang='lat' dir='ltr'>et</span> <span class='ocrx_word' id='word_1_310' title='bbox 968 2344 1013 2374; x_wconf 80' lang='lat' dir='ltr'>cd.</span> <span class='ocrx_word' id='word_1_311' title='bbox 1034 2344 1075 2374; x_wconf 82' lang='lat' dir='ltr'>R.</span> <span class='ocrx_word' id='word_1_312' title='bbox 1090 2356 1095 2374; x_wconf 72' lang='grc' dir='ltr'>ι</span> <span class='ocrx_word' id='word_1_313' title='bbox 1123 2348 1157 2374; x_wconf 87' lang='lat' dir='ltr'>ut</span> <span class='ocrx_word' id='word_1_314' title='bbox 1175 2344 1366 2384; x_wconf 74' lang='lat' dir='ltr'>Naugerius</span> <span class='ocrx_word' id='word_1_315' title='bbox 1383 2345 1433 2383; x_wconf 74' lang='grc' dir='ltr'>(ι)</span> 
     </span>
     <span class='ocr_line' id='line_1_38' title="bbox 113 2384 1433 2426; baseline 0.002 -12"><span class='ocrx_word' id='word_1_316' title='bbox 113 2387 172 2421; x_wconf 76' lang='lat' dir='ltr'>(ut,</span> <span class='ocrx_word' id='word_1_317' title='bbox 195 2385 222 2414; x_wconf 88' lang='lat' dir='ltr'>si</span> <span class='ocrx_word' id='word_1_318' title='bbox 241 2396 259 2414; x_wconf 93' lang='lat' dir='ltr'>e</span> <span class='ocrx_word' id='word_1_319' title='bbox 279 2389 363 2423; x_wconf 86' lang='lat' dir='ltr'>patr.</span> <span class='ocrx_word' id='word_1_320' title='bbox 385 2390 496 2423; x_wconf 77' lang='lat' dir='ltr'>exeat,</span> <span class='ocrx_word' id='word_1_321' title='bbox 516 2384 590 2414; x_wconf 89' lang='lat' dir='ltr'>trib.</span> <span class='ocrx_word' id='word_1_322' title='bbox 610 2384 733 2424; x_wconf 81' lang='lat' dir='ltr'>Halm)</span> <span class='ocrx_word' id='word_1_323' title='bbox 844 2396 884 2415; x_wconf 92' lang='lat'>10</span> <span class='ocrx_word' id='word_1_324' title='bbox 904 2386 1086 2422; x_wconf 86' lang='lat' dir='ltr'>obscurari,</span> <span class='ocrx_word' id='word_1_325' title='bbox 1104 2387 1165 2417; x_wconf 84' lang='lat' dir='ltr'>iam</span> <span class='ocrx_word' id='word_1_326' title='bbox 1193 2386 1306 2426; x_wconf 77' lang='lat' dir='ltr'>Lange</span> <span class='ocrx_word' id='word_1_327' title='bbox 1397 2398 1433 2417; x_wconf 86' lang='lat'>12</span> 
     </span>
     <span class='ocr_line' id='line_1_39' title="bbox 111 2428 1432 2468; baseline 0.002 -11"><span class='ocrx_word' id='word_1_328' title='bbox 111 2428 304 2468; x_wconf 77' lang='lat' dir='ltr'>adoptabat]</span> <span class='ocrx_word' id='word_1_329' title='bbox 330 2428 469 2467; x_wconf 85' lang='lat' dir='ltr'>adoptat</span> <span class='ocrx_word' id='word_1_330' title='bbox 486 2428 589 2458; x_wconf 76' lang='lat' dir='ltr'><em>Mb²t:</em></span> <span class='ocrx_word' id='word_1_331' title='bbox 614 2428 837 2466; x_wconf 84' lang='lat' dir='ltr'>adoptabatur</span> <span class='ocrx_word' id='word_1_332' title='bbox 859 2438 875 2457; x_wconf 78' lang='lat' dir='ltr'>e</span> <span class='ocrx_word' id='word_1_333' title='bbox 995 2439 1033 2467; x_wconf 82' lang='lat'>25</span> <span class='ocrx_word' id='word_1_334' title='bbox 1060 2441 1077 2459; x_wconf 80' lang='lat' dir='ltr'>a</span> <span class='ocrx_word' id='word_1_335' title='bbox 1097 2430 1246 2468; x_wconf 76' lang='lat' dir='ltr'>patriciis</span> <span class='ocrx_word' id='word_1_336' title='bbox 1269 2430 1356 2460; x_wconf 61' lang='lat' dir='ltr'>Bau.</span> <span class='ocrx_word' id='word_1_337' title='bbox 1375 2442 1381 2460; x_wconf 91' lang='lat'><strong>:</strong></span> <span class='ocrx_word' id='word_1_338' title='bbox 1414 2441 1432 2460; x_wconf 87' lang='lat' dir='ltr'>a</span> 
     </span>
     <span class='ocr_line' id='line_1_40' title="bbox 111 2471 885 2510; baseline 0.001 -10"><span class='ocrx_word' id='word_1_339' title='bbox 111 2471 237 2510; x_wconf 83' lang='lat' dir='ltr'>patricii</span> <span class='ocrx_word' id='word_1_340' title='bbox 255 2471 294 2499; x_wconf 70' lang='grc' dir='ltr'>Ρ]</span> <span class='ocrx_word' id='word_1_341' title='bbox 312 2482 319 2500; x_wconf 87' lang='lat'>:</span> <span class='ocrx_word' id='word_1_342' title='bbox 344 2482 362 2500; x_wconf 79' lang='lat' dir='ltr'>a</span> <span class='ocrx_word' id='word_1_343' title='bbox 381 2471 520 2509; x_wconf 75' lang='lat' dir='ltr'>patricio</span> <span class='ocrx_word' id='word_1_344' title='bbox 538 2471 600 2500; x_wconf 67' lang='lat' dir='ltr'>l&#39;2b</span> <span class='ocrx_word' id='word_1_345' title='bbox 619 2471 683 2500; x_wconf 75' lang='lat' dir='ltr'>rell.</span> <span class='ocrx_word' id='word_1_346' title='bbox 705 2472 783 2510; x_wconf 80' lang='lat' dir='ltr'>(ont.</span> <span class='ocrx_word' id='word_1_347' title='bbox 804 2482 822 2501; x_wconf 92' lang='lat' dir='ltr'>a</span> <span class='ocrx_word' id='word_1_348' title='bbox 842 2471 885 2510; x_wconf 88' lang='lat' dir='ltr'>G)</span> 
     </span>
    </p>

    <p class='ocr_par' dir='ltr' id='par_1_8' title="bbox 156 2519 1344 2547">
     <span class='ocr_line' id='line_1_41' title="bbox 156 2519 1344 2547; baseline 0.003 -3"><span class='ocrx_word' id='word_1_349' title='bbox 156 2524 216 2544; x_wconf 82' lang='lat' dir='ltr'>cic.</span> <span class='ocrx_word' id='word_1_350' title='bbox 238 2524 280 2544; x_wconf 76' lang='lat' dir='ltr'>m:</span> <span class='ocrx_word' id='word_1_351' title='bbox 298 2524 392 2544; x_wconf 76' lang='lat' dir='ltr'>DOMO</span> <span class='ocrx_word' id='word_1_352' title='bbox 1329 2519 1344 2547; x_wconf 75' lang='lat'>4</span> 
     </span>
    </p>
   </div>
  </div>
 </body>
</html>
