1774 2782
111 854 148 875 10

111 1176 147 1209 ¹5

108 1504 147 1525 20

107 1826 144 1858 25

106 2149 145 2179 30

318 146 390 182 DE
424 142 791 181 HARVSPICVM
826 139 1112 178 RESPONSO
1144 139 1361 177 ORATIO
1451 144 1499 183 25

170 254 236 304 qui
263 261 413 292 tantum
439 252 550 290 abest
577 265 600 289 a
627 250 871 301 principibus
897 258 1087 300 quantum
1113 263 1135 288 a
1162 249 1277 300 puris,
1305 256 1495 298 quantum

170 319 219 357 ab
255 318 455 368 religiosis.
524 316 661 362 Vobis,
699 329 722 353 o
758 315 947 353 carissimi
981 324 1099 365 atque
1134 314 1272 365 optimi
1308 315 1423 360 cives,
1460 321 1497 351 et
1518 329 1533 359 5

170 391 318 422 vestrae
335 383 447 421 saluti
467 382 754 420 consulendum
773 387 810 418 et
828 379 1148 430 prospiciendum
1163 379 1309 417 vident.
1343 380 1497 418 Caedes

170 447 389 498 principum
411 445 656 493 ostenditur3
687 445 726 483 id
754 446 862 494 quod
889 444 1085 483 interitum
1112 443 1360 493 optimatium
1387 443 1496 493 sequi

169 525 331 551 necesse
360 519 417 550 est
447 510 697 560 adiungitur3
727 523 777 548 ne
807 511 845 547 in
876 509 992 547 unius
1023 508 1229 559 imperium
1260 522 1319 546 res
1350 510 1498 546 recidat

168 578 440 616 admonemur.
511 577 575 614 Ad
615 588 733 625 quem
772 582 923 613 metum
959 575 989 612 si
1023 575 1188 612 deorum
1222 573 1381 611 monitis
1416 587 1497 611 non

168 643 413 689 duceremur,
437 649 569 680 tamen
601 640 674 690 ipsi
704 649 839 679 nostro
867 653 985 678 sensu
1017 639 1322 688 coniecturaque
1349 652 1498 688 rapere-

168 721 254 745 mur
275 722 281 753 ;
310 719 440 756 neque
461 706 565 744 enim
587 707 690 743 ullus
711 705 809 743 alius
837 704 1120 743 discordiarum
1147 705 1245 741 solet
1266 716 1351 741 esse
1372 704 1497 741 exitus

168 773 268 811 inter
285 773 410 810 claros
431 779 469 810 et
498 772 669 821 potentis
690 770 792 808 viros
817 771 891 808 nisi
916 777 982 808 aut
1008 769 1211 807 universus
1232 770 1410 806 interitus
1430 776 1497 806 aut

167 837 323 875 victoris
343 836 569 875 dominatus
589 849 635 873 ac
656 848 830 885 regnum.
892 833 1087 872 Dissensit
1103 847 1193 871 cum
1216 833 1355 879 Mario,
1371 834 1497 871 claris-

167 901 266 940 simo
305 901 389 948 civi,
431 902 569 939 consul
607 900 878 938 nobilissimus
918 908 955 937 et
996 898 1237 945 fortissimus,
1281 899 1324 935 L.
1365 900 1497 946 Sulla3

168 968 307 1004 horum
332 974 497 1016 uterque
522 965 575 1003 ita
602 965 745 1004 cecidit
770 965 895 1003 victus
922 973 964 1002 ut
990 966 1111 1002 victor
1136 964 1241 1002 idem
1266 963 1493 1013 regnaverit.

168 1033 270 1071 Cum
286 1030 452 1070 Octavio
466 1032 630 1080 conlega
645 1032 774 1069 Cinna
790 1030 954 1069 dissedit
971 1045 980 1077 3
1000 1029 1154 1079 utrique
1167 1030 1307 1067 horum
1321 1030 1496 1067 secunda

168 1097 323 1134 fortuna
348 1109 510 1145 regnum
538 1102 596 1133 est
623 1096 769 1145 largita,
792 1096 955 1133 adversa
980 1102 1159 1132 mortem.
1220 1095 1332 1132 Idem
1355 1093 1495 1132 iterum

167 1162 273 1200 Sulla
297 1161 492 1210 superavit
512 1174 521 1207 3
550 1167 632 1197 tum
655 1159 739 1198 sine
755 1159 879 1198 dubio
896 1159 1034 1198 habuit
1055 1160 1224 1209 regalem
1246 1166 1492 1208 potestatem,

166 1239 407 1275 quamquam
432 1238 513 1263 rem
541 1224 741 1274 publicam
772 1224 1013 1274 reciperarat.
1076 1225 1184 1262 Inest
1212 1225 1287 1261 hoc
1317 1231 1494 1273 tempore

167 1291 272 1328 haud
293 1290 505 1328 obscurum
528 1290 676 1336 odium,
699 1296 818 1338 atque
840 1289 880 1327 id
901 1290 1061 1326 insitum
1084 1288 1240 1338 penitus
1262 1296 1299 1326 et
1321 1287 1493 1326 inustum

165 1355 305 1393 animis
327 1356 532 1393 hominum
554 1353 885 1404 amplissimorum
905 1368 915 1401 3
944 1353 1137 1391 dissident
1153 1352 1374 1403 principes;
1404 1366 1495 1402 cap-

165 1428 268 1458 tatur
288 1419 452 1458 occasio.
514 1419 594 1467 Qui
615 1433 696 1457 non
717 1426 871 1457 tanturn
897 1419 1039 1468 opibus
1066 1420 1196 1457 valent
1220 1418 1354 1456 nescio
1375 1432 1493 1468 quam

165 1487 359 1524 fortunam
376 1493 509 1522 tamen
524 1497 570 1522 ac
591 1491 747 1534 tempus
764 1490 991 1533 exspectant
1010 1499 1017 1521 ε
1048 1483 1115 1532 qui
1132 1482 1215 1521 sine
1232 1483 1495 1521 controversia

166 1552 253 1600 plus
270 1556 445 1600 possunt,
462 1548 487 1586 ii
505 1550 667 1587 fortasse
688 1561 769 1586 non
790 1561 1007 1597 numquam
1030 1547 1194 1585 consilia
1215 1561 1260 1585 ac
1281 1547 1494 1586 sententias

164 1614 413 1652 inimicorum
442 1627 600 1652 suorum
627 1613 897 1651 extimescunt.
958 1613 1136 1650 Tollatur
1163 1614 1259 1650 haec
1290 1626 1311 1650 e
1339 1613 1494 1650 civitate

164 1679 383 1718 discordia:
414 1678 491 1716 iam
521 1692 660 1716 omnes
690 1677 751 1716 isti
783 1679 849 1727 qui
879 1679 1168 1727 portenduntur
1198 1685 1324 1715 metus
1355 1676 1495 1714 exstin-

163 1752 342 1796 guentur,
372 1744 447 1782 iam
476 1744 548 1782 ista
576 1757 747 1794 serpens,
777 1756 878 1792 quae
907 1750 991 1781 tum
1022 1744 1085 1780 hic
1113 1742 1307 1789 delitiscit,
1338 1750 1421 1780 tum
1452 1755 1492 1780 se

165 1809 326 1860 emergit
365 1816 403 1848 et
441 1810 559 1847 fertur
597 1809 700 1855 illuc,
727 1821 953 1858 compressa
984 1815 1102 1857 atque
1142 1807 1254 1845 inlisa
1294 1808 1488 1845 morietur.

166 1877 336 1913 Monent
362 1875 467 1912 enim
494 1874 622 1912 eidem
651 1875 717 1911 NE
746 1884 943 1911 OCCVLTIS
974 1884 1180 1910 CONSILIIS
1210 1884 1286 1910 RES
1319 1883 1491 1909 PVBLICA

166 1951 396 1977 LAEDATVR.
458 1939 570 1985 Quae
587 1946 676 1976 sunt
698 1937 911 1976 occultiora
927 1950 1045 1987 quam
1063 1937 1146 1975 eius
1163 1937 1230 1986 qui
1251 1937 1290 1974 in
1307 1936 1493 1974 contione

164 2018 280 2042 ausus
311 2012 368 2042 est
398 2003 529 2042 dicere
564 2003 754 2041 iustitium
786 2002 888 2040 edici
919 2010 1111 2051 oportere,
1149 2001 1239 2039 iuris
1275 2000 1490 2039 dictionem

163 2068 376 2115 intermitti,
410 2069 539 2106 claudi
569 2068 771 2114 aerarium,
806 2067 950 2105 iudicia
979 2068 1091 2105 tolli?
1135 2066 1209 2104 nisi
1239 2068 1337 2104 forte
1367 2066 1492 2104 existi-

164 2133 277 2172 matis
303 2134 404 2171 hanc
431 2140 580 2171 tantam
606 2132 884 2171 conluvionem
914 2130 967 2168 illi
992 2138 1221 2181 tantamque
1247 2131 1489 2169 eversionem

163 2198 327 2237 civitatis
349 2199 388 2236 in
410 2206 582 2236 mentem
599 2197 731 2236 subito
749 2197 787 2235 in
804 2198 935 2235 rostris
952 2196 1139 2246 cogitanti
1155 2196 1286 2234 venire
1302 2197 1487 2246 potuisse.

208 2313 225 2332 2
251 2302 411 2332 carissimi
429 2301 515 2332 codd.
527 2305 655 2341 praeter
669 2300 722 2330 b‘ssk
742 2301 947 2341 (clarissimi)
1069 2311 1089 2339 9
1113 2304 1145 2329 et
1163 2299 1208 2330 cd.
1226 2299 1268 2329 R.
1285 2310 1291 2328 ε
1315 2309 1380 2329 om.
1399 2298 1488 2329 codd.

164 2349 404 2384 (potentesque
421 2345 460 2374 bk
475 2344 521 2375 ed.
542 2344 594 2383 V.)
763 2355 800 2374 10
825 2354 863 2374 ac
883 2343 996 2374 Madv.
1017 2355 1023 2374 z
1048 2348 1105 2373 aut
1125 2342 1214 2372 codd.
1232 2353 1237 2371 :
1265 2347 1296 2371 et
1313 2340 1490 2371 Lehmann

167 2399 203 2427 ¹5
230 2394 297 2419 tum
315 2388 386 2419 b²k2
414 2394 524 2418 tamen
545 2388 608 2418 rell.
763 2389 800 2417 16
826 2392 1043 2426 recuperarat
1060 2386 1177 2416 PBE:
1206 2390 1317 2415 -arant
1337 2384 1385 2415 G:
1409 2385 1491 2415 —avit

162 2431 278 2463 HMbk
367 2443 404 2470 24
425 2431 590 2461 delitescit
603 2430 783 2461 HGEMbk
873 2441 910 2469 31
932 2430 963 2459 in
978 2435 1123 2460 mentem
1138 2428 1214 2458 ku
1227 2428 1281 2459 all.
1300 2440 1306 2458 :
1332 2428 1489 2458 imment(-

161 2477 212 2506 P:
239 2477 465 2506 imminentem
485 2476 528 2505 Bt

1520 152 1558 184 53

1513 1238 1555 1269 55

1511 1874 1563 1910 26
