1774 2782
252 159 324 194 DE
359 158 524 195 DOMO
555 158 658 194 SVA
690 158 765 194 Al)
801 158 1131 195 PONTIFICES
1162 158 1380 196 ORATIO
1429 167 1481 203 43

157 265 242 314 quis
264 265 330 303 tibi
353 265 576 304 aedificanti
598 266 701 304 illam
725 266 917 315 porticum
939 266 1095 313 diceret,
1114 267 1196 305 sore
1217 274 1371 316 tempus
1392 280 1480 304 cum

157 330 187 368 is
216 330 392 370 tribunus
415 331 551 380 plebis,
575 331 641 380 qui
664 331 935 369 auctoritatem
958 339 1129 378 senatus,
1151 330 1339 370 iudicium
1362 330 1483 369 bono-

157 409 239 432 rum
271 395 447 433 omnium
481 395 724 445 neglexisset,
759 403 868 433 tuum
911 403 1213 434 monumentum
1253 395 1483 433 consulibus

157 474 234 498 non
266 461 386 498 modo
418 460 729 509 inspectantibus
759 474 893 498 verum
923 460 1200 498 adiuvantibus
1235 460 1481 506 disturbaret,

120 539 136 569 5
156 533 355 572 everteret,
379 525 497 575 idque
519 539 608 563 cum
632 525 715 564 eius
737 525 830 563 civis
851 525 918 575 qui
940 538 1020 562 rem
1039 525 1236 575 publicam
1259 539 1304 563 ex
1326 533 1483 563 senatus

155 589 386 628 auctoritate
425 591 562 628 consul
603 590 844 628 defendisset
883 591 1006 628 domo
1044 589 1312 640 coniungeret,
1351 603 1484 627 nonne

156 656 412 704 responderes
434 654 473 693 id
494 654 566 692 nisi
589 667 722 693 eversa
741 654 896 692 civitate
917 654 1095 693 accidere
1116 668 1195 693 non
1218 656 1357 704 posse?

210 722 262 757 At
283 719 412 758 videte
443 719 613 757 hominis
641 720 926 758 intolerabilem
957 719 1163 758 audaciam
1193 733 1283 758 cum
1312 719 1485 770 proiecta

157 785 327 834 quadam
345 792 382 822 et
400 786 584 822 effrenata
598 784 823 834 cupiditate.
876 786 1186 822 Monumentum
1206 784 1279 823 iste
1297 798 1484 834 umquam

101 864 138 886 ιο
156 857 223 887 aut
243 849 469 899 religionem
492 850 610 887 ullam
633 849 894 899 excogitavit?
953 849 1145 888 Habitare
1173 851 1256 888 laxe
1283 858 1320 888 et
1343 850 1486 899 magni-

158 916 231 953 fice
251 915 372 952 voluit
393 916 571 964 duasque
592 922 629 953 et
651 928 810 964 magnas
839 923 876 952 et
898 914 1041 953 nobilis
1066 916 1210 954 domos
1237 914 1486 965 coniungere.

159 980 312 1017 Eodem
345 988 494 1030 puncto
528 981 715 1030 temporis
750 994 829 1029 quo
866 994 975 1018 meus
1010 980 1205 1019 discessus
1235 980 1297 1018 isti
1326 994 1485 1018 causam

159 1044 290 1084 caedis
311 1044 461 1094 eripuit,
484 1059 506 1083 a
529 1047 579 1094 Q.
598 1045 689 1083 Seio
708 1045 914 1083 contendit
935 1053 976 1083 ut
998 1045 1070 1083 sibi
1091 1047 1255 1083 domum
1277 1046 1486 1083 venderet:

159 1123 249 1147 cum
280 1109 343 1147 ille
373 1108 413 1147 id
442 1117 611 1159 negaret,
641 1109 768 1159 primo
797 1123 838 1147 se
868 1109 1082 1147 luminibus
1112 1110 1194 1148 eius
1224 1123 1309 1148 esse
1339 1110 1487 1148 obstru-

103 1186 138 1218 15
160 1182 311 1212 cturum
346 1175 578 1212 minabatur.
655 1175 904 1212 Adfirmabat
941 1177 1151 1213 Postumus
1184 1188 1226 1213 se
1260 1174 1349 1212 vivo
1382 1174 1485 1212 illam

160 1240 323 1277 domum
356 1238 464 1277 istius
495 1253 711 1289 numquam
742 1240 925 1277 futuram.
996 1242 1146 1277 Acutus
1180 1241 1412 1278 adulescens
1443 1254 1487 1277 ex

161 1303 279 1353 ipsius
318 1317 498 1342 sermone
537 1304 724 1342 intellexit
764 1305 858 1354 quid
899 1304 979 1342 fieri
1017 1312 1238 1354 oporteret3
1285 1304 1487 1342 hominem

160 1382 312 1407 veneno
338 1368 581 1418 apertissime
609 1368 789 1416 sustulit;
823 1368 917 1407 emit
947 1370 1110 1407 domum
1139 1368 1396 1407 licitatoribus
1426 1370 1487 1407 de·

161 1433 327 1483 fatigatis
344 1447 465 1483 prope
487 1433 654 1472 dimidio
674 1433 798 1472 carius
820 1448 937 1483 quam
955 1433 1243 1472 aestimabatur.
1288 1435 1487 1482 Quorsum

104 1511 142 1531 20
162 1497 275 1547 igitur
306 1499 402 1537 haec
437 1500 560 1536 oratio
595 1499 791 1548 pertinet?
850 1501 1004 1536 Domus
1039 1499 1102 1536 illa
1137 1512 1225 1537 mea
1255 1512 1377 1549 prope
1409 1506 1491 1537 tota

161 1576 283 1601 vacua
304 1571 386 1610 est3
414 1563 474 1601 vix
497 1577 582 1613 pars
603 1563 760 1602 aedium
783 1576 956 1601 mearum
979 1563 1132 1601 decima
1153 1564 1203 1601 ad
1226 1565 1354 1602 Catuli
1377 1563 1491 1612 porti-

161 1641 253 1667 cum
272 1629 446 1667 accessit.
499 1630 628 1668 Causa
649 1629 719 1666 fuit
739 1629 957 1667 ambulatio
977 1637 1015 1667 et
1037 1636 1338 1667 monumentum
1361 1637 1398 1667 et
1421 1630 1492 1667 ista

161 1695 389 1743 Tanagraea
400 1706 587 1744 oppressa
599 1693 973 1732 libertateLibertas.
1006 1694 1051 1731 In
1068 1693 1217 1731 Palatio
1230 1693 1492 1744 pulcherrimo

164 1766 370 1808 prospectu
393 1758 584 1808 porticum
614 1773 703 1797 cum
732 1758 985 1797 conclavibus
1011 1758 1317 1809 pavimentatam
1346 1766 1491 1797 trecen-

104 1841 142 1872 ²5
163 1831 247 1862 tum
281 1825 426 1873 pedum
468 1823 729 1873 concupierat,
767 1823 1050 1874 amplissimum
1087 1823 1326 1874 peristylum,
1363 1831 1490 1862 cetera

163 1888 246 1927 eius
273 1888 381 1927 modi
410 1889 522 1927 facile
549 1896 590 1926 ut
617 1889 794 1927 omnium
823 1890 963 1927 domos
991 1897 1028 1927 et
1055 1889 1210 1927 laxitate
1236 1896 1275 1927 et
1301 1888 1490 1939 dignitate

162 1961 373 2004 superaret.
414 1956 464 1992 Et
485 1955 607 1992 homo
628 1954 828 2004 religiosus
849 1968 937 1992 cum
960 1954 1068 1992 aedis
1090 1967 1196 1992 meas
1218 1953 1322 1992 idem
1345 1962 1490 1992 emeret

162 2028 199 2059 et
220 2021 417 2066 venderet,
442 2028 573 2058 tamen
601 2020 675 2058 illis
704 2020 819 2058 tantis
849 2020 1018 2058 tenebris
1046 2033 1125 2057 non
1154 2027 1211 2057 est
1237 2032 1354 2057 ausus
1375 2032 1488 2056 suum

163 2099 310 2122 nomen
345 2084 534 2134 emptioni
572 2085 622 2122 illi
658 2085 889 2124 adscribere.
953 2086 1086 2123 Posuit
1122 2087 1331 2123 Scatonem
1368 2083 1488 2129 illum,

104 2164 144 2195 30
164 2149 364 2188 hominem
387 2163 456 2187 sua
477 2151 614 2188 virtute
636 2159 826 2200 egentem,
851 2160 892 2189 ut
914 2152 943 2189 is
964 2151 1029 2201 qui
1053 2150 1091 2188 in
1114 2149 1264 2196 Marsis,
1288 2149 1355 2187 ubi
1377 2157 1490 2186 natus

164 2223 232 2262 est,
256 2223 400 2253 tectum
423 2228 503 2264 quo
525 2214 658 2253 imbris
680 2215 825 2254 vitandi
854 2230 970 2254 causa
992 2216 1219 2254 succederet
1241 2216 1316 2252 iam
1338 2215 1488 2251 nullum

209 2331 224 2357 4
252 2318 456 2348 disturbaret
471 2323 639 2348 everteret
654 2317 706 2347 b‘2k·
721 2329 728 2349 :
752 2329 823 2348 -are
840 2329 911 2349 -ere
925 2318 995 2348 PH
1009 2319 1071 2350 rell.
1082 2322 1209 2359 praeter
1224 2318 1252 2349 G
1271 2316 1490 2354 <disturbaret

166 2362 332 2399 evertere)
347 2373 352 2391 :
373 2361 568 2399 disturbare.
583 2367 737 2391 evertere
750 2363 889 2392 auderet
900 2361 1065 2402 Naegelsb.
1134 2373 1172 2392 10
1196 2362 1354 2400 cogitavit
1370 2359 1487 2390 Lamb.

172 2407 206 2435 18
232 2405 451 2434 licitatoribus
468 2405 723 2445 Panlagatlms:
750 2405 970 2444 litigatoribus
988 2405 1020 2434 P
1036 2406 1100 2436 rell.
1233 2416 1270 2443 19
1290 2404 1489 2434 aestimabat

166 2448 254 2479 codd.
369 2449 410 2478 28
434 2449 466 2478 in
485 2448 549 2478 illis
567 2449 646 2479 com'.
661 2448 776 2478 Baiter
883 2459 921 2487 31
949 2460 1013 2487 quo
1034 2448 1151 2479 Lamb.
1171 2459 1176 2477 z
1203 2449 1290 2487 quod
1311 2447 1386 2476 Ilm„-
1403 2459 1408 2477 :
1433 2447 1487 2485 qui

166 2492 199 2522 l>
213 2492 277 2523 rell.
298 2504 303 2521 :
329 2492 377 2521 cui
398 2493 495 2522 Leon.
520 2491 640 2522 Vsterio
657 2496 741 2523 ancl.
759 2492 875 2522 Baiter
948 2492 1010 2522 iam
1029 2503 1093 2524 om.
1115 2491 1171 2521 Hk

211 2546 272 2568 cic.
297 2546 338 2565 m:
357 2545 452 2566 nonio
1382 2536 1400 2565 6

1507 171 1564 201 ¹¹4

1505 699 1559 736 44

1510 759 1521 780 1

1535 760 1568 789 ¹5

1517 1502 1573 1534 116
