1774 2782
100 849 138 870 10

97 1500 137 1521 20

97 1822 135 1853 25

95 2145 135 2174 30

302 138 375 174 DE
408 136 780 174 HARVSPICVM
809 135 1098 174 RESPONSO
1129 136 1346 175 ORATIO
1436 146 1485 184 27

159 245 314 284 abditos
339 259 384 283 ac
411 245 618 295 penetralis
648 246 769 291 focos,
797 247 951 283 occulta
981 252 1019 283 et
1050 245 1221 283 maribus
1252 259 1331 284 non
1364 246 1486 285 invisa

160 312 297 356 solum,
321 311 390 348 sed
410 310 528 348 etiam
550 309 727 348 inaudita
747 323 856 348 sacra
877 309 1100 360 inexpiabili
1123 312 1269 348 scelere
1291 311 1483 360 pervertit,

159 374 343 424 idemque
372 388 503 413 earum
532 376 723 423 templum
752 374 1008 413 inflammavit
1035 376 1198 414 dearum
1224 389 1389 425 quarum
1410 391 1484 427 ope

159 439 276 478 etiam
307 440 390 477 aliis
421 439 613 477 incendiis
649 439 889 477 subvenitur.
950 439 1059 488 Quid
1089 442 1138 479 de
1168 441 1291 490 patria
1320 443 1485 491 loquar?
1507 459 1522 488 5

159 504 225 554 qui
255 504 423 554 primum
453 518 543 541 eum
574 503 699 542 civem
730 504 777 550 vi,
807 506 918 551 ferro,
950 505 1131 554 periculis
1161 506 1268 552 urbe,
1301 507 1485 545 omnibus

158 570 304 620 patriae
333 569 535 620 praesidiis
565 569 717 619 depulit
746 583 865 619 quem
897 584 964 608 vos
994 571 1140 620 patriae
1170 579 1483 610 conservatorem

158 649 243 674 esse
277 635 504 686 saepissime
538 634 763 681 iudicaritis,
795 636 942 674 deinde
973 649 1108 674 everso
1138 644 1307 683 senatus,
1340 645 1381 675 ut
1414 651 1486 687 ego

158 714 311 751 semper
338 700 428 747 dixi,
452 700 608 747 comite,
637 701 749 747 duce,
777 708 819 738 ut
847 700 911 739 ille
937 701 1107 748 dicebat,
1137 710 1315 740 senatum
1344 702 1482 752 ipsum,

158 766 372 816 principem
395 765 527 803 salutis
550 765 772 815 mentisque
793 766 987 816 publicae,
1005 767 1052 814 vi,
1071 769 1192 806 caede
1213 768 1485 818 incendiisque

158 832 365 883 pervertit,
394 831 549 869 sustulit
570 832 667 869 duas
690 832 805 881 leges,
824 832 979 870 Aeliam
1001 840 1039 870 et
1060 834 1223 880 Fufiam,
1244 833 1411 872 maxime
1432 834 1485 872 rei

156 897 337 948 publicae
371 896 558 943 salutaris,
595 910 802 935 censuram
841 897 1035 945 exstinxit,
1072 897 1392 937 intercessionem
1432 912 1485 937 re-

157 962 289 1010 movit,
311 962 483 1012 auspicia
510 962 665 1009 delevit,
693 963 876 1000 consules
903 963 1059 1001 sceleris
1085 963 1142 1001 sui
1171 963 1298 1002 socios
1325 964 1482 1010 aerario,

157 1027 372 1078 provinciis,
407 1027 575 1065 exercitu
608 1027 781 1075 armavit,
814 1041 924 1078 reges
959 1028 1025 1078 qui
1061 1037 1169 1068 erant
1198 1029 1386 1077 vendidit,
1419 1029 1484 1079 qui

157 1107 238 1132 non
272 1101 380 1132 erant
410 1092 631 1142 appellavit,
670 1094 741 1131 Cn.
775 1093 1010 1143 Pompeium
1044 1095 1143 1132 ferro
1179 1095 1342 1132 domum
1377 1108 1484 1133 com-

158 1158 266 1209 pulit,
294 1158 570 1208 imperatorum
601 1167 863 1197 monumenta
892 1159 1039 1207 evertit,
1066 1160 1314 1198 inimicorum
1343 1162 1484 1199 domus

158 1223 400 1270 disturbavit,
420 1223 553 1261 vestris
572 1224 840 1262 monumentis
862 1238 976 1262 suum
998 1239 1144 1263 nomen
1162 1226 1366 1277 inscripsit.
1418 1229 1483 1265 In-

157 1288 268 1326 finita
288 1296 377 1326 sunt
398 1290 543 1326 scelera
560 1302 661 1338 quae
680 1289 731 1327 ab
749 1289 816 1327 illo
832 1289 871 1327 in
888 1290 1052 1340 patriam
1075 1298 1164 1329 sunt
1181 1292 1295 1330 edita.
1348 1293 1484 1341 Quid?

156 1367 256 1403 quae
279 1353 317 1391 in
339 1353 511 1403 singulos
532 1353 625 1391 civis
648 1368 748 1403 quos
769 1354 934 1402 necavit,
954 1355 1082 1393 socios
1103 1369 1203 1405 quos
1224 1357 1393 1406 diripuit,
1413 1357 1482 1395 im-

155 1426 349 1468 peratores
382 1431 481 1467 quos
510 1418 694 1468 prodidit,
728 1419 919 1456 exercitus
951 1433 1051 1468 quos
1086 1421 1318 1469 temptavit?
1375 1422 1481 1471 Quid

156 1485 278 1521 vero?
307 1496 352 1521 ea
373 1490 520 1532 quanta
535 1491 626 1521 sunt
643 1496 744 1532 quae
765 1483 805 1521 in
827 1483 955 1533 ipsum
973 1497 1014 1522 se
1034 1486 1190 1531 scelera,
1210 1499 1310 1535 quae
1332 1486 1370 1523 in
1392 1500 1482 1525 suos

155 1547 280 1586 edidit
296 1550 303 1586 !
361 1548 460 1596 Quis
482 1548 612 1586 minus
628 1562 816 1598 umquam
835 1549 1008 1598 pepercit
1025 1550 1195 1588 hostium
1214 1551 1348 1589 castris
1365 1565 1482 1601 quam

155 1615 218 1651 ille
245 1613 430 1651 omnibus
451 1613 624 1663 corporis
647 1614 705 1651 sui
730 1613 936 1663 partibus?
974 1628 1076 1664 quae
1097 1615 1205 1653 navis
1227 1630 1415 1665 umquam
1444 1616 1482 1654 in

155 1678 315 1716 flumine
337 1678 495 1728 publico
513 1687 591 1715 tam
613 1680 769 1728 vulgata
785 1679 970 1717 omnibus
987 1693 1105 1728 quam
1128 1680 1236 1718 istius
1257 1689 1362 1719 aetas
1384 1681 1484 1719 fuit?

155 1742 241 1792 quis
269 1756 457 1792 umquam
482 1755 605 1792 nepos
634 1750 714 1781 tam
747 1743 869 1782 libere
899 1751 958 1782 est
989 1758 1079 1781 cum
1110 1747 1246 1783 scortis
1273 1759 1391 1795 quam
1418 1745 1482 1784 hic

155 1820 244 1844 cum
277 1807 473 1845 sororibus
508 1809 734 1846 volutatus?
780 1822 899 1858 quam
939 1809 1112 1858 denique
1149 1817 1228 1847 tam
1268 1810 1480 1849 immanem

156 1871 397 1920 Charybdim
419 1880 560 1921 poetae
582 1873 769 1922 fingendo
792 1874 1007 1922 exprimere
1029 1882 1251 1923 potuerunt,
1275 1889 1375 1925 quae
1396 1883 1479 1914 tan-

155 1943 215 1974 tos
235 1936 451 1974 exhauriret
471 1936 641 1986 gurgites
668 1945 835 1987 quantas
861 1937 932 1976 iste
959 1939 1233 1988 Byzantiorum
1259 1941 1479 1990 Brogitaro-

155 2014 320 2051 rumque
348 2003 514 2051 praedas
543 2002 775 2041 exsorbuit?
814 2011 879 2041 aut
911 2012 989 2041 tam
1021 2004 1285 2043 eminentibus
1315 2006 1478 2044 canibus

155 2067 320 2114 Scyllam
349 2075 507 2117 tamque
536 2066 675 2105 ieiunis
704 2082 822 2118 quam
845 2069 988 2118 quibus
1017 2069 1133 2108 istum
1155 2070 1304 2118 videtis,
1329 2071 1475 2118 Geniis,

155 2131 317 2177 Clodiis,
341 2131 466 2178 Titiis,
490 2140 614 2170 rostra
634 2132 718 2182 ipsa
741 2135 1031 2172 mandentem?

209 2197 297 2244 Qua
323 2209 371 2242 re,
397 2197 432 2234 id
463 2198 571 2246 quod
602 2205 817 2236 extremum
850 2207 907 2237 est
936 2199 972 2237 in
1000 2200 1248 2250 haruspicum
1278 2215 1476 2250 responso,

201 2311 237 2338 14
264 2301 350 2330 ferro
361 2300 438 2331 ku
455 2301 506 2331 all.
526 2313 532 2332 :
558 2301 645 2332 ferre
663 2302 705 2331 1³¹
724 2314 730 2332 :
756 2302 824 2332 fere
844 2302 887 2331 1³2
905 2303 966 2334 wll.
1073 2314 1107 2342 15
1133 2304 1251 2334 domus
1263 2304 1324 2333 PB
1339 2316 1345 2334 :
1362 2305 1480 2334 domos

154 2343 295 2374 HGEM
423 2355 462 2383 27
496 2345 692 2375 exhauriret
717 2345 848 2376 Halm:
879 2347 1058 2377 exhaurire
1084 2347 1168 2377 PB:
1203 2348 1384 2377 exhaurire
1408 2358 1479 2384 gur.

154 2392 308 2426 possets.
321 2388 427 2426 possit
440 2388 620 2419 HGEMbk
710 2399 747 2427 31
767 2390 857 2428 quod
869 2388 956 2421 Hbc?
969 2391 1024 2421 all.
1043 2402 1047 2421 :
1068 2401 1140 2420 cum
1153 2391 1228 2420 PBt
1317 2402 1478 2429 responso

155 2434 193 2460 ut
210 2430 296 2460 Bast.
310 2432 355 2461 ila
370 2431 460 2461 Bit:
487 2443 651 2471 responsu
672 2432 720 2462 P:
746 2434 917 2472 responsis
935 2433 1063 2464 JIMbS‘
1079 2446 1084 2464 :
1111 2444 1305 2471 responsum
1324 2434 1350 2463 G

1510 149 1546 161 oh

1507 163 1541 184 :³1

1502 1435 1542 1467 59

1499 2215 1542 2245 60
