1774 2782
234 163 313 201 511
442 205 445 207 ι
652 157 708 194 Μ.
740 156 906 193 TVLLI
939 154 1245 194 CICERONIS

215 607 249 629 12

214 2005 247 2035 ¹3

277 267 374 304 intra
403 265 559 303 moenia
586 265 755 304 nefarius
784 265 907 302 hostis
934 266 1161 314 praedoque
1188 270 1361 301 versatus
1389 264 1477 300 est?
1519 275 1598 312 quo

274 332 518 380 inspectante
534 343 580 367 ac
596 332 758 368 sedente
772 331 896 378 legem
912 328 1090 366 tribunus
1107 328 1232 378 plebis
1247 327 1333 365 tulit
1350 340 1399 365 ne
1415 326 1598 376 auspiciis

274 396 617 445 obtemperaretur,
642 407 691 432 ne
713 393 948 432 obnuntiare
972 393 1142 432 concilio
1162 400 1229 431 aut
1250 392 1430 439 comitiis,
1454 406 1503 431 ne
1523 392 1597 442 legi

274 461 512 498 intercedere
543 459 685 505 liceret,
718 467 759 496 ut
789 461 848 496 lex
878 458 990 496 Aelia
1020 466 1057 496 et
1089 459 1199 496 Fufia
1233 471 1282 496 ne
1312 459 1466 505 valeret,
1497 470 1598 507 quae

274 525 392 563 nostri
424 525 588 562 maiores
619 523 835 561 certissima
866 523 1041 561 subsidia
1076 523 1128 561 rei
1161 522 1343 573 publicae
1374 530 1507 561 contra
1537 523 1597 561 tri-

274 591 453 629 bunicios
475 592 621 628 furores
644 603 728 627 esse
750 590 985 627 voluerunt?
1044 590 1239 637 Idemque
1261 596 1408 637 postea,
1433 602 1521 626 cum
1544 587 1598 626 in-

274 656 525 695 numerabilis
561 655 772 693 multitudo
804 655 998 692 bonorum
1035 655 1085 691 de
1118 653 1316 703 Capitolio
1351 655 1514 703 supplex
1546 655 1596 692 ad

273 735 362 760 eum
397 720 595 759 sordidata
626 718 806 765 venisset,
845 731 1016 767 cumque
1050 719 1324 756 adulescentes
1364 718 1595 756 nobilissimi

272 787 482 837 cunctique
499 786 649 835 equites
673 785 842 823 Romani
861 798 902 822 se
922 786 972 822 ad
991 784 1144 822 lenonis
1162 783 1460 834 impudicissimi
1476 786 1596 834 pedes

271 852 518 899 abiecissent,
538 864 618 900 quo
638 852 745 887 vultu
768 849 1015 887 cincinnatus
1041 862 1168 899 ganeo
1196 862 1275 886 non
1304 850 1430 887 solum
1452 849 1593 887 civium

272 917 449 955 lacrimas
470 930 602 954 verum
626 915 741 953 etiam
766 914 911 964 patriae
928 928 1063 964 preces
1086 914 1303 964 repudiavit
1322 918 1328 953 1
1388 917 1529 965 Neque
1546 929 1593 954 eo

272 990 479 1020 contentus
501 981 582 1028 fuit,
606 982 674 1018 sed
697 980 813 1019 etiam
836 980 874 1017 in
898 981 1125 1019 contionem
1153 981 1329 1019 escendit
1355 995 1479 1031 eaque
1499 981 1595 1020 dixit

271 1061 382 1097 quae,
405 1047 434 1084 si
457 1048 538 1085 eius
560 1046 614 1083 vir
637 1045 806 1084 Catilina
834 1045 1043 1092 revixisset,
1068 1046 1198 1084 dicere
1227 1060 1306 1084 non
1336 1055 1437 1085 esset
1463 1060 1593 1095 ausus,

271 1126 311 1150 se
334 1114 537 1150 Nonarum
562 1110 841 1148 Decembrium
865 1125 966 1160 quae
985 1125 1047 1149 me
1068 1113 1230 1150 consule
1248 1112 1410 1150 fuissent
1427 1112 1595 1162 clivique

270 1176 481 1227 Capitolini
512 1189 658 1226 poenas
686 1176 736 1213 ab
764 1176 963 1225 equitibus
993 1177 1185 1215 Romanis
1213 1190 1298 1215 esse
1327 1177 1591 1227 repetiturum.

272 1244 411 1291 Neque
438 1244 563 1279 solum
593 1241 632 1279 id
661 1240 768 1287 (lixit,
799 1243 869 1279 sed
900 1255 1000 1291 quos
1035 1242 1069 1280 ci
1097 1244 1354 1281 commodum
1387 1242 1458 1281 fuit
1491 1256 1594 1281 com-

270 1306 436 1356 pellavit,
470 1306 635 1344 Lucium
668 1318 759 1344 vero
790 1306 979 1353 Lamiam,
1013 1306 1186 1357 equitem
1218 1308 1458 1354 Romanum,
1489 1321 1595 1358 prae—

271 1371 384 1409 stanti
406 1371 595 1421 dignitate
617 1370 818 1409 hominem
842 1378 879 1409 et
901 1371 1012 1410 saluti
1037 1386 1147 1410 meae
1168 1386 1238 1422 pro
1254 1372 1522 1420 familiaritate,
1540 1372 1591 1411 rei

272 1437 450 1486 publicae
476 1451 546 1487 pro
574 1436 738 1475 fortunis
767 1436 845 1474 suis
872 1437 1167 1484 amicissimum,
1197 1439 1334 1476 consul
1362 1437 1593 1488 imperiosus

270 1502 371 1539 exire
400 1515 445 1540 ex
476 1503 571 1540 urbe
602 1501 721 1539 iussit.
784 1504 834 1540 Et
862 1516 951 1540 cum
977 1516 1045 1540 vos
1067 1510 1214 1541 vestem
1246 1503 1475 1541 mutandam
1506 1516 1594 1541 cen-

270 1567 442 1605 suissetis
463 1567 673 1616 cunctique
700 1568 922 1606 mutassetis
949 1575 1067 1618 atque
1095 1568 1200 1606 idem
1226 1580 1366 1605 omnes
1394 1568 1487 1606 boni
1516 1569 1590 1606 iam

268 1641 358 1671 ante
372 1633 564 1680 fecissent,
580 1633 643 1671 ille
658 1634 867 1683 unguentis
881 1634 1027 1672 oblitus
1044 1647 1133 1672 cum
1150 1642 1239 1684 toga
1252 1641 1460 1683 praetexta,
1473 1648 1590 1684 quam

269 1712 406 1736 omnes
439 1706 634 1747 praetores
671 1699 898 1749 aedilesque
933 1708 1015 1737 tum
1055 1699 1290 1745 abiecerant,
1322 1698 1446 1737 inrisit
1481 1713 1591 1749 squa-

269 1765 388 1801 lorem
405 1771 574 1801 vestrum
599 1771 635 1801 et
658 1765 805 1802 luctum
828 1764 1069 1814 gratissimae
1090 1764 1267 1811 civitatis,
1285 1764 1465 1814 fecitque,
1483 1767 1590 1814 quod

269 1842 386 1866 nemo
407 1842 594 1878 umquam
619 1836 819 1878 tyrannus,
837 1836 878 1868 ut
897 1843 978 1880 quo
1000 1830 1129 1867 minus
1151 1831 1305 1868 occulte
1325 1837 1495 1867 vestrum
1514 1844 1592 1868 ma-

268 1896 348 1931 lum
380 1893 585 1943 gemeretis
617 1893 712 1931 nihil
735 1896 892 1941 diceret,
922 1909 972 1933 ne
999 1902 1131 1944 aperte
1162 1894 1418 1933 incommoda
1444 1895 1591 1945 patriae

269 1960 448 2008 lugeretis
474 1958 655 1996 ediceret.
717 1960 818 1998 Cum
849 1959 994 1997 veroin
1020 1959 1123 1997 circo
1152 1959 1347 1998 Flaminio
1374 1973 1454 1997 non
1482 1973 1504 1997 a
1531 1960 1591 1997 tri-

269 2025 377 2062 buno
398 2024 523 2074 plebis
552 2026 690 2062 consul
720 2025 758 2062 in
781 2025 1021 2072 contionem,
1046 2027 1115 2064 sed
1136 2039 1158 2064 a
1179 2027 1330 2064 latrone
1358 2025 1591 2075 archipirata

315 2139 352 2158 12
377 2129 527 2158 escendit
545 2128 594 2158 P:
620 2129 792 2160 descendit
810 2129 902 2160 ΒΣΗ
926 2130 1077 2160 ascendit
1098 2129 1247 2161 GHbffse
1340 2140 1377 2168 17
1405 2130 1542 2161 Lucium
1560 2131 1593 2162 P

270 2172 332 2202 rell.
348 2175 476 2211 praescr
490 2183 506 2202 s
524 2172 592 2211 (L.)
700 2173 846 2203 Lamiam
864 2184 896 2202 es
911 2185 917 2203 :
942 2173 1005 2203 iam
1022 2173 1140 2204 PHGc
1154 2174 1208 2204 all.
1332 2184 1373 2203 20
1397 2184 1437 2203 cx
1451 2185 1465 2203 ε
1480 2174 1586 2213 (prob.

269 2215 440 2255 Zielinski)
457 2227 463 2245 ε
487 2226 548 2247 om.
567 2216 631 2246 rell.
725 2225 765 2254 25
788 2227 861 2246 cum
879 2217 1007 2255 (quom)
1023 2220 1096 2247 ante
1112 2228 1176 2256 quo
1190 2218 1300 2247 minus
1312 2216 1388 2247 add.
1399 2216 1435 2255 J.
1451 2216 1489 2247 S.
1505 2217 1592 2247 Reid

269 2261 311 2290 26
334 2259 416 2289 nihil
441 2261 569 2290 diceret
585 2261 698 2291 codd:
723 2259 804 2290 nihil
829 2264 969 2290 terreret
994 2260 1096 2291 Reid:
1123 2261 1205 2290 nihil
1227 2270 1263 2291 se
1288 2261 1501 2291 intercedere
1518 2261 1584 2291 edi-

269 2308 363 2334 ceret
383 2303 513 2336 Madv.:
540 2306 622 2335 nihil
646 2307 771 2336 diceret
796 2316 870 2336 esse
894 2306 983 2344 quod
1007 2305 1159 2335 obstaret
1182 2305 1377 2334 Lehmann:
1404 2315 1487 2334 num
1504 2304 1584 2334 nihil

269 2349 396 2379 diceret
409 2349 594 2387 impedire?
643 2361 684 2379 ne
699 2355 814 2388 aperte
829 2374 836 2381 .
850 2375 857 2381 .
877 2374 883 2381 .
898 2351 1046 2380 ediceret
1057 2361 1082 2380 s.
1099 2349 1119 2381 l.
1130 2347 1175 2378 Ρ2
1190 2360 1196 2379 z
1212 2359 1277 2379 om.
1292 2347 1404 2380 Madv.
1435 2345 1482 2387 Cf.
1497 2346 1579 2379 Sesl.

268 2392 340 2423 xiv:
363 2392 476 2423 Plane.
494 2395 508 2429 ξ
526 2393 566 2430 87
584 2392 740 2432 edictoque
751 2403 811 2423 suo
829 2404 894 2423 non
911 2394 1034 2424 luctum
1045 2394 1197 2434 patribus
1209 2392 1391 2431 conscrzptis
1403 2390 1461 2421 sed
1469 2390 1584 2421 indicia

267 2435 373 2466 luctus
401 2435 600 2466 ademerint:
635 2436 667 2466 in
694 2435 761 2467 Pis.
796 2440 809 2474 ξ
833 2438 870 2467 18
894 2448 1075 2469 maerorem
1102 2438 1264 2477 7elt'nq111'5,
1293 2437 1450 2467 maeroris
1475 2435 1586 2474 aufers

268 2490 408 2519 tlffilgtllll

1618 537 1634 567 5

1622 860 1659 882 10

1619 1190 1656 1222 ¹5

1616 1514 1656 1536 20

1614 1839 1651 1871 25
