<?xml version="1.0" encoding="UTF-8"?>
<!DOCTYPE html PUBLIC "-//W3C//DTD XHTML 1.0 Transitional//EN"
    "http://www.w3.org/TR/xhtml1/DTD/xhtml1-transitional.dtd">
<html xmlns="http://www.w3.org/1999/xhtml" xml:lang="en" lang="en">
 <head>
  <title>
</title>
<meta http-equiv="Content-Type" content="text/html;charset=utf-8" />
  <meta name='ocr-system' content='tesseract 3.04.00' />
  <meta name='ocr-capabilities' content='ocr_page ocr_carea ocr_par ocr_line ocrx_word'/>
</head>
<body>
  <div class='ocr_page' id='page_1' title='image "./orationesrecogno05ciceuoft/orationesrecogno05ciceuoft_0226.png"; bbox 0 0 1774 2782; ppageno 0'>
   <div class='ocr_carea' id='block_1_1' title="bbox 243 759 280 781">
    <p class='ocr_par' dir='ltr' id='par_1_1' title="bbox 243 759 280 781">
     <span class='ocr_line' id='line_1_1' title="bbox 243 759 280 781; baseline -0.054 0"><span class='ocrx_word' id='word_1_1' title='bbox 243 759 280 781; x_wconf 83' lang='lat'>22</span> 
     </span>
    </p>
   </div>
   <div class='ocr_carea' id='block_1_2' title="bbox 302 111 1261 151">
    <p class='ocr_par' dir='ltr' id='par_1_2' title="bbox 302 111 1261 151">
     <span class='ocr_line' id='line_1_2' title="bbox 302 111 1261 151; baseline -0.004 0"><span class='ocrx_word' id='word_1_2' title='bbox 302 130 335 151; x_wconf 82' lang='lat'>21</span> <span class='ocrx_word' id='word_1_3' title='bbox 667 114 722 150; x_wconf 87' lang='lat' dir='ltr'>M.</span> <span class='ocrx_word' id='word_1_4' title='bbox 754 113 922 149; x_wconf 77' lang='lat' dir='ltr'>TVLLI</span> <span class='ocrx_word' id='word_1_5' title='bbox 954 111 1261 150; x_wconf 85' lang='lat' dir='ltr'>CICERONIS</span> 
     </span>
    </p>
   </div>
   <div class='ocr_carea' id='block_1_3' title="bbox 300 218 1634 1442">
    <p class='ocr_par' dir='ltr' id='par_1_3' title="bbox 300 218 1634 1442">
     <span class='ocr_line' id='line_1_3' title="bbox 300 218 1628 270; baseline -0.005 -8"><span class='ocrx_word' id='word_1_6' title='bbox 300 224 464 270; x_wconf 83' lang='lat' dir='ltr'>sensisti,</span> <span class='ocrx_word' id='word_1_7' title='bbox 489 224 558 261; x_wconf 89' lang='lat' dir='ltr'>sed</span> <span class='ocrx_word' id='word_1_8' title='bbox 585 221 790 260; x_wconf 89' lang='lat' dir='ltr'>hominem</span> <span class='ocrx_word' id='word_1_9' title='bbox 819 228 924 259; x_wconf 89' lang='lat' dir='ltr'>certe</span> <span class='ocrx_word' id='word_1_10' title='bbox 954 233 1149 270; x_wconf 82' lang='lat' dir='ltr'>nusquam</span> <span class='ocrx_word' id='word_1_11' title='bbox 1177 219 1508 270; x_wconf 80' lang='lat' dir='ltr'>progredientem,</span> <span class='ocrx_word' id='word_1_12' title='bbox 1531 218 1628 256; x_wconf 91' lang='lat' dir='ltr'>nihil</span> 
     </span>
     <span class='ocr_line' id='line_1_4' title="bbox 300 284 1627 337; baseline -0.002 -12"><span class='ocrx_word' id='word_1_13' title='bbox 300 288 340 325; x_wconf 89' lang='lat' dir='ltr'>in</span> <span class='ocrx_word' id='word_1_14' title='bbox 370 301 410 325; x_wconf 92' lang='lat' dir='ltr'>re</span> <span class='ocrx_word' id='word_1_15' title='bbox 436 286 594 337; x_wconf 86' lang='lat' dir='ltr'>publica</span> <span class='ocrx_word' id='word_1_16' title='bbox 622 285 861 332; x_wconf 79' lang='lat' dir='ltr'>molientem,</span> <span class='ocrx_word' id='word_1_17' title='bbox 884 293 1038 323; x_wconf 83' lang='lat' dir='ltr'>tantum</span> <span class='ocrx_word' id='word_1_18' title='bbox 1068 284 1202 322; x_wconf 89' lang='lat' dir='ltr'>animo</span> <span class='ocrx_word' id='word_1_19' title='bbox 1228 285 1278 322; x_wconf 91' lang='lat' dir='ltr'>ab</span> <span class='ocrx_word' id='word_1_20' title='bbox 1303 285 1525 322; x_wconf 83' lang='lat' dir='ltr'>actionibus</span> <span class='ocrx_word' id='word_1_21' title='bbox 1552 284 1627 322; x_wconf 86' lang='lat' dir='ltr'>tuis</span> 
     </span>
     <span class='ocr_line' id='line_1_5' title="bbox 302 349 1628 398; baseline -0.002 -8"><span class='ocrx_word' id='word_1_22' title='bbox 302 351 763 398; x_wconf 73' lang='lat' dir='ltr'>dissentienten1‚—cun1</span> <span class='ocrx_word' id='word_1_23' title='bbox 790 364 881 389; x_wconf 88' lang='lat' dir='ltr'>eurn</span> <span class='ocrx_word' id='word_1_24' title='bbox 909 358 951 389; x_wconf 91' lang='lat' dir='ltr'>tu</span> <span class='ocrx_word' id='word_1_25' title='bbox 978 351 1183 388; x_wconf 87' lang='lat' dir='ltr'>consulem</span> <span class='ocrx_word' id='word_1_26' title='bbox 1210 349 1249 388; x_wconf 93' lang='lat' dir='ltr'>in</span> <span class='ocrx_word' id='word_1_27' title='bbox 1279 351 1435 388; x_wconf 85' lang='lat' dir='ltr'>vincula</span> <span class='ocrx_word' id='word_1_28' title='bbox 1464 351 1628 388; x_wconf 83' lang='lat' dir='ltr'><strong>duceres</strong></span> 
     </span>
     <span class='ocr_line' id='line_1_6' title="bbox 302 414 1629 465; baseline -0.002 -11"><span class='ocrx_word' id='word_1_29' title='bbox 302 424 340 454; x_wconf 88' lang='lat' dir='ltr'>et</span> <span class='ocrx_word' id='word_1_30' title='bbox 369 417 419 454; x_wconf 83' lang='lat' dir='ltr'>ab</span> <span class='ocrx_word' id='word_1_31' title='bbox 449 416 582 453; x_wconf 86' lang='lat' dir='ltr'>tabula</span> <span class='ocrx_word' id='word_1_32' title='bbox 609 415 765 453; x_wconf 84' lang='lat' dir='ltr'>Valeria</span> <span class='ocrx_word' id='word_1_33' title='bbox 794 416 981 465; x_wconf 80' lang='lat' dir='ltr'>conlegae</span> <span class='ocrx_word' id='word_1_34' title='bbox 1011 414 1066 452; x_wconf 91' lang='lat' dir='ltr'>tui</span> <span class='ocrx_word' id='word_1_35' title='bbox 1096 414 1197 452; x_wconf 89' lang='lat' dir='ltr'>mitti</span> <span class='ocrx_word' id='word_1_36' title='bbox 1228 414 1417 461; x_wconf 89' lang='lat' dir='ltr'>iuberent,</span> <span class='ocrx_word' id='word_1_37' title='bbox 1441 414 1629 452; x_wconf 86' lang='lat' dir='ltr'>fecerisne</span> 
     </span>
     <span class='ocr_line' id='line_1_7' title="bbox 301 479 1628 530; baseline -0.002 -11"><span class='ocrx_word' id='word_1_38' title='bbox 301 490 393 519; x_wconf 86' lang='lat' dir='ltr'>ante</span> <span class='ocrx_word' id='word_1_39' title='bbox 410 489 531 519; x_wconf 87' lang='lat' dir='ltr'>rostra</span> <span class='ocrx_word' id='word_1_40' title='bbox 548 488 711 530; x_wconf 86' lang='lat' dir='ltr'>pontem</span> <span class='ocrx_word' id='word_1_41' title='bbox 728 480 967 518; x_wconf 90' lang='lat' dir='ltr'>continuatis</span> <span class='ocrx_word' id='word_1_42' title='bbox 983 479 1255 526; x_wconf 87' lang='lat' dir='ltr'>tribunalibus,</span> <span class='ocrx_word' id='word_1_43' title='bbox 1271 493 1339 529; x_wconf 92' lang='lat' dir='ltr'>per</span> <span class='ocrx_word' id='word_1_44' title='bbox 1355 493 1472 529; x_wconf 86' lang='lat' dir='ltr'>quem</span> <span class='ocrx_word' id='word_1_45' title='bbox 1490 481 1628 517; x_wconf 89' lang='lat' dir='ltr'>consul</span> 
     </span>
     <span class='ocr_line' id='line_1_8' title="bbox 302 535 1629 596; baseline -0.002 -13"><span class='ocrx_word' id='word_1_46' title='bbox 302 547 438 596; x_wconf 82' lang='lat' dir='ltr'>populi</span> <span class='ocrx_word' id='word_1_47' title='bbox 467 535 640 584; x_wconf 83' lang='lat' dir='ltr'>Romani</span> <span class='ocrx_word' id='word_1_48' title='bbox 668 544 1005 584; x_wconf 84' lang='lat' dir='ltr'>moderatissimus</span> <span class='ocrx_word' id='word_1_49' title='bbox 1033 553 1072 583; x_wconf 93' lang='lat' dir='ltr'>et</span> <span class='ocrx_word' id='word_1_50' title='bbox 1101 544 1452 592; x_wconf 86' lang='lat' dir='ltr'>constantissimus,</span> <span class='ocrx_word' id='word_1_51' title='bbox 1475 544 1629 582; x_wconf 89' lang='lat' dir='ltr'>sublato</span> 
     </span>
     <span class='ocr_line' id='line_1_9' title="bbox 302 610 1627 661; baseline -0.002 -11"><span class='ocrx_word' id='word_1_52' title='bbox 302 612 455 659; x_wconf 79' lang='lat' dir='ltr'>auxilio,</span> <span class='ocrx_word' id='word_1_53' title='bbox 491 612 657 650; x_wconf 83' lang='lat' dir='ltr'>exclusis</span> <span class='ocrx_word' id='word_1_54' title='bbox 692 611 843 659; x_wconf 86' lang='lat' dir='ltr'>amicis,</span> <span class='ocrx_word' id='word_1_55' title='bbox 874 611 910 650; x_wconf 86' lang='lat' dir='ltr'>vi</span> <span class='ocrx_word' id='word_1_56' title='bbox 945 612 1187 661; x_wconf 88' lang='lat' dir='ltr'>perditorum</span> <span class='ocrx_word' id='word_1_57' title='bbox 1218 611 1425 649; x_wconf 87' lang='lat' dir='ltr'>hominum</span> <span class='ocrx_word' id='word_1_58' title='bbox 1457 610 1627 657; x_wconf 87' lang='lat' dir='ltr'>incitata,</span> 
     </span>
     <span class='ocr_line' id='line_1_10' title="bbox 303 675 1630 727; baseline 0 -13"><span class='ocrx_word' id='word_1_59' title='bbox 303 677 528 727; x_wconf 88' lang='lat' dir='ltr'>turpissimo</span> <span class='ocrx_word' id='word_1_60' title='bbox 559 676 856 726; x_wconf 82' lang='lat' dir='ltr'>miserrimoque</span> <span class='ocrx_word' id='word_1_61' title='bbox 886 677 1113 726; x_wconf 88' lang='lat' dir='ltr'>spectaculo</span> <span class='ocrx_word' id='word_1_62' title='bbox 1142 689 1223 713; x_wconf 90' lang='lat' dir='ltr'>non</span> <span class='ocrx_word' id='word_1_63' title='bbox 1253 675 1292 713; x_wconf 89' lang='lat' dir='ltr'>in</span> <span class='ocrx_word' id='word_1_64' title='bbox 1323 689 1528 722; x_wconf 85' lang='lat' dir='ltr'>carcerem,</span> <span class='ocrx_word' id='word_1_65' title='bbox 1561 677 1630 714; x_wconf 91' lang='lat' dir='ltr'>sed</span> 
     </span>
     <span class='ocr_line' id='line_1_11' title="bbox 302 742 1630 792; baseline -0.001 -13"><span class='ocrx_word' id='word_1_66' title='bbox 302 743 353 780; x_wconf 87' lang='lat' dir='ltr'>ad</span> <span class='ocrx_word' id='word_1_67' title='bbox 381 742 616 792; x_wconf 88' lang='lat' dir='ltr'>supplicium</span> <span class='ocrx_word' id='word_1_68' title='bbox 645 749 682 780; x_wconf 86' lang='lat' dir='ltr'>et</span> <span class='ocrx_word' id='word_1_69' title='bbox 709 743 761 780; x_wconf 83' lang='lat' dir='ltr'>ad</span> <span class='ocrx_word' id='word_1_70' title='bbox 783 755 923 780; x_wconf 88' lang='lat' dir='ltr'>necem</span> <span class='ocrx_word' id='word_1_71' title='bbox 951 743 1185 780; x_wconf 85' lang='lat' dir='ltr'>duceretur?</span> <span class='ocrx_word' id='word_1_72' title='bbox 1243 742 1400 790; x_wconf 82' lang='lat' dir='ltr'>Quaero</span> <span class='ocrx_word' id='word_1_73' title='bbox 1426 754 1522 779; x_wconf 88' lang='lat' dir='ltr'>num</span> <span class='ocrx_word' id='word_1_74' title='bbox 1543 742 1630 790; x_wconf 88' lang='lat' dir='ltr'>quis</span> 
     </span>
     <span class='ocr_line' id='line_1_12' title="bbox 302 806 1630 856; baseline -0.002 -11"><span class='ocrx_word' id='word_1_75' title='bbox 302 815 394 845; x_wconf 84' lang='lat' dir='ltr'>ante</span> <span class='ocrx_word' id='word_1_76' title='bbox 414 815 453 845; x_wconf 94' lang='lat' dir='ltr'>te</span> <span class='ocrx_word' id='word_1_77' title='bbox 480 815 559 845; x_wconf 87' lang='lat' dir='ltr'>tam</span> <span class='ocrx_word' id='word_1_78' title='bbox 582 807 695 845; x_wconf 90' lang='lat' dir='ltr'>fuerit</span> <span class='ocrx_word' id='word_1_79' title='bbox 722 806 892 845; x_wconf 89' lang='lat' dir='ltr'>nefarius</span> <span class='ocrx_word' id='word_1_80' title='bbox 919 807 987 856; x_wconf 89' lang='lat' dir='ltr'>qui</span> <span class='ocrx_word' id='word_1_81' title='bbox 1014 808 1054 845; x_wconf 93' lang='lat' dir='ltr'>id</span> <span class='ocrx_word' id='word_1_82' title='bbox 1082 807 1229 853; x_wconf 86' lang='lat' dir='ltr'>fecerit,</span> <span class='ocrx_word' id='word_1_83' title='bbox 1249 814 1290 844; x_wconf 88' lang='lat' dir='ltr'>ut</span> <span class='ocrx_word' id='word_1_84' title='bbox 1311 806 1479 844; x_wconf 87' lang='lat' dir='ltr'>sciamus</span> <span class='ocrx_word' id='word_1_85' title='bbox 1500 813 1630 843; x_wconf 89' lang='lat' dir='ltr'>utrum</span> 
     </span>
     <span class='ocr_line' id='line_1_13' title="bbox 303 871 1632 918; baseline -0.002 -8"><span class='ocrx_word' id='word_1_86' title='bbox 303 880 479 910; x_wconf 79' lang='lat' dir='ltr'>veterum</span> <span class='ocrx_word' id='word_1_87' title='bbox 496 872 713 910; x_wconf 85' lang='lat' dir='ltr'>facinorum</span> <span class='ocrx_word' id='word_1_88' title='bbox 737 872 787 909; x_wconf 93' lang='lat' dir='ltr'>sis</span> <span class='ocrx_word' id='word_1_89' title='bbox 808 871 980 910; x_wconf 89' lang='lat' dir='ltr'>imitator</span> <span class='ocrx_word' id='word_1_90' title='bbox 995 886 1045 909; x_wconf 89' lang='lat' dir='ltr'>an</span> <span class='ocrx_word' id='word_1_91' title='bbox 1066 871 1246 909; x_wconf 89' lang='lat' dir='ltr'>inventor</span> <span class='ocrx_word' id='word_1_92' title='bbox 1266 884 1482 918; x_wconf 73' lang='lat' dir='ltr'>novorum,</span> <span class='ocrx_word' id='word_1_93' title='bbox 1511 871 1632 909; x_wconf 89' lang='lat' dir='ltr'>idem-</span> 
     </span>
     <span class='ocr_line' id='line_1_14' title="bbox 304 935 1631 987; baseline -0.002 -13"><span class='ocrx_word' id='word_1_94' title='bbox 304 951 382 987; x_wconf 87' lang='lat' dir='ltr'>que</span> <span class='ocrx_word' id='word_1_95' title='bbox 412 945 452 974; x_wconf 86' lang='lat' dir='ltr'>tu</span> <span class='ocrx_word' id='word_1_96' title='bbox 479 951 569 974; x_wconf 88' lang='lat' dir='ltr'>cum</span> <span class='ocrx_word' id='word_1_97' title='bbox 598 936 657 974; x_wconf 89' lang='lat' dir='ltr'>his</span> <span class='ocrx_word' id='word_1_98' title='bbox 687 944 805 986; x_wconf 83' lang='lat' dir='ltr'>atque</span> <span class='ocrx_word' id='word_1_99' title='bbox 836 937 951 974; x_wconf 90' lang='lat' dir='ltr'>huius</span> <span class='ocrx_word' id='word_1_100' title='bbox 982 935 1091 974; x_wconf 84' lang='lat' dir='ltr'>modi</span> <span class='ocrx_word' id='word_1_101' title='bbox 1120 935 1292 974; x_wconf 88' lang='lat' dir='ltr'>consiliis</span> <span class='ocrx_word' id='word_1_102' title='bbox 1322 949 1368 973; x_wconf 91' lang='lat' dir='ltr'>ac</span> <span class='ocrx_word' id='word_1_103' title='bbox 1393 935 1631 973; x_wconf 85' lang='lat' dir='ltr'>facinoribus</span> 
     </span>
     <span class='ocr_line' id='line_1_15' title="bbox 304 999 1632 1050; baseline -0.002 -10"><span class='ocrx_word' id='word_1_104' title='bbox 304 1002 465 1040; x_wconf 92' lang='lat' dir='ltr'>nomine</span> <span class='ocrx_word' id='word_1_105' title='bbox 488 1003 531 1041; x_wconf 87' lang='lat' dir='ltr'>C.</span> <span class='ocrx_word' id='word_1_106' title='bbox 556 1002 746 1047; x_wconf 80' lang='lat' dir='ltr'>Caesaris,</span> <span class='ocrx_word' id='word_1_107' title='bbox 770 1000 1066 1039; x_wconf 87' lang='lat' dir='ltr'>clementissimi</span> <span class='ocrx_word' id='word_1_108' title='bbox 1086 1008 1204 1050; x_wconf 83' lang='lat' dir='ltr'>atque</span> <span class='ocrx_word' id='word_1_109' title='bbox 1225 999 1363 1050; x_wconf 88' lang='lat' dir='ltr'>optimi</span> <span class='ocrx_word' id='word_1_110' title='bbox 1384 999 1463 1046; x_wconf 89' lang='lat' dir='ltr'>viri,</span> <span class='ocrx_word' id='word_1_111' title='bbox 1487 1001 1632 1038; x_wconf 90' lang='lat' dir='ltr'>scelere</span> 
     </span>
     <span class='ocr_line' id='line_1_16' title="bbox 305 1063 1630 1117; baseline -0.002 -12"><span class='ocrx_word' id='word_1_112' title='bbox 305 1080 397 1105; x_wconf 80' lang='lat' dir='ltr'>vero</span> <span class='ocrx_word' id='word_1_113' title='bbox 425 1076 545 1117; x_wconf 81' lang='lat' dir='ltr'>atque</span> <span class='ocrx_word' id='word_1_114' title='bbox 574 1066 740 1105; x_wconf 80' lang='lat' dir='ltr'>audacia</span> <span class='ocrx_word' id='word_1_115' title='bbox 771 1074 848 1113; x_wconf 85' lang='lat' dir='ltr'>tua,</span> <span class='ocrx_word' id='word_1_116' title='bbox 883 1068 938 1104; x_wconf 85' lang='lat' dir='ltr'>M.</span> <span class='ocrx_word' id='word_1_117' title='bbox 970 1066 1157 1103; x_wconf 86' lang='lat' dir='ltr'>Bibulum</span> <span class='ocrx_word' id='word_1_118' title='bbox 1188 1067 1282 1112; x_wconf 92' lang='lat' dir='ltr'>foro,</span> <span class='ocrx_word' id='word_1_119' title='bbox 1315 1064 1430 1111; x_wconf 88' lang='lat' dir='ltr'>curia,</span> <span class='ocrx_word' id='word_1_120' title='bbox 1463 1063 1630 1114; x_wconf 88' lang='lat' dir='ltr'>templis,</span> 
     </span>
     <span class='ocr_line' id='line_1_17' title="bbox 305 1129 1630 1181; baseline -0.002 -12"><span class='ocrx_word' id='word_1_121' title='bbox 305 1133 401 1170; x_wconf 81' lang='lat' dir='ltr'>locis</span> <span class='ocrx_word' id='word_1_122' title='bbox 423 1131 589 1181; x_wconf 88' lang='lat' dir='ltr'>publicis</span> <span class='ocrx_word' id='word_1_123' title='bbox 607 1132 793 1169; x_wconf 88' lang='lat' dir='ltr'>omnibus</span> <span class='ocrx_word' id='word_1_124' title='bbox 810 1131 1035 1181; x_wconf 83' lang='lat' dir='ltr'>expulisses,</span> <span class='ocrx_word' id='word_1_125' title='bbox 1059 1130 1255 1168; x_wconf 91' lang='lat' dir='ltr'>inclusum</span> <span class='ocrx_word' id='word_1_126' title='bbox 1272 1129 1381 1168; x_wconf 87' lang='lat' dir='ltr'>domi</span> <span class='ocrx_word' id='word_1_127' title='bbox 1397 1130 1630 1177; x_wconf 87' lang='lat' dir='ltr'>contineres,</span> 
     </span>
     <span class='ocr_line' id='line_1_18' title="bbox 306 1194 1634 1246; baseline -0.002 -11"><span class='ocrx_word' id='word_1_128' title='bbox 306 1210 476 1246; x_wconf 85' lang='lat' dir='ltr'>cumque</span> <span class='ocrx_word' id='word_1_129' title='bbox 505 1210 583 1235; x_wconf 89' lang='lat' dir='ltr'>non</span> <span class='ocrx_word' id='word_1_130' title='bbox 613 1196 816 1235; x_wconf 78' lang='lat' dir='ltr'>maiestate</span> <span class='ocrx_word' id='word_1_131' title='bbox 844 1195 992 1246; x_wconf 87' lang='lat' dir='ltr'>imperi,</span> <span class='ocrx_word' id='word_1_132' title='bbox 1016 1210 1097 1234; x_wconf 91' lang='lat' dir='ltr'>non</span> <span class='ocrx_word' id='word_1_133' title='bbox 1126 1195 1207 1234; x_wconf 90' lang='lat' dir='ltr'>iure</span> <span class='ocrx_word' id='word_1_134' title='bbox 1234 1197 1376 1245; x_wconf 84' lang='lat' dir='ltr'>legum,</span> <span class='ocrx_word' id='word_1_135' title='bbox 1399 1195 1468 1233; x_wconf 92' lang='lat' dir='ltr'>sed</span> <span class='ocrx_word' id='word_1_136' title='bbox 1494 1194 1634 1232; x_wconf 86' lang='lat' dir='ltr'>ianuae</span> 
     </span>
     <span class='ocr_line' id='line_1_19' title="bbox 306 1260 1634 1312; baseline -0.002 -12"><span class='ocrx_word' id='word_1_137' title='bbox 306 1261 502 1312; x_wconf 87' lang='lat' dir='ltr'>praesidio</span> <span class='ocrx_word' id='word_1_138' title='bbox 547 1270 585 1300; x_wconf 93' lang='lat' dir='ltr'>et</span> <span class='ocrx_word' id='word_1_139' title='bbox 628 1261 820 1311; x_wconf 83' lang='lat' dir='ltr'>parietum</span> <span class='ocrx_word' id='word_1_140' title='bbox 863 1261 1053 1299; x_wconf 87' lang='lat' dir='ltr'>custodiis</span> <span class='ocrx_word' id='word_1_141' title='bbox 1096 1260 1268 1298; x_wconf 91' lang='lat' dir='ltr'>consulis</span> <span class='ocrx_word' id='word_1_142' title='bbox 1308 1260 1386 1298; x_wconf 91' lang='lat' dir='ltr'>vita</span> <span class='ocrx_word' id='word_1_143' title='bbox 1428 1267 1634 1309; x_wconf 83' lang='lat' dir='ltr'>tegeretur,</span> 
     </span>
     <span class='ocr_line' id='line_1_20' title="bbox 307 1325 1634 1376; baseline -0.002 -12"><span class='ocrx_word' id='word_1_144' title='bbox 307 1327 509 1365; x_wconf 80' lang='lat' dir='ltr'>miserisne</span> <span class='ocrx_word' id='word_1_145' title='bbox 529 1328 717 1365; x_wconf 88' lang='lat' dir='ltr'>viatorem</span> <span class='ocrx_word' id='word_1_146' title='bbox 745 1326 811 1376; x_wconf 87' lang='lat' dir='ltr'>qui</span> <span class='ocrx_word' id='word_1_147' title='bbox 835 1328 891 1364; x_wconf 85' lang='lat' dir='ltr'>M.</span> <span class='ocrx_word' id='word_1_148' title='bbox 916 1327 1103 1364; x_wconf 86' lang='lat' dir='ltr'>Bibulum</span> <span class='ocrx_word' id='word_1_149' title='bbox 1128 1326 1251 1364; x_wconf 87' lang='lat' dir='ltr'>domo</span> <span class='ocrx_word' id='word_1_150' title='bbox 1270 1325 1307 1363; x_wconf 88' lang='lat' dir='ltr'>vi</span> <span class='ocrx_word' id='word_1_151' title='bbox 1328 1325 1555 1371; x_wconf 85' lang='lat' dir='ltr'>extraheret,</span> <span class='ocrx_word' id='word_1_152' title='bbox 1578 1332 1634 1372; x_wconf 86' lang='lat' dir='ltr'>ut,</span> 
     </span>
     <span class='ocr_line' id='line_1_21' title="bbox 307 1389 1632 1442; baseline -0.002 -13"><span class='ocrx_word' id='word_1_153' title='bbox 307 1393 415 1442; x_wconf 87' lang='lat' dir='ltr'>quod</span> <span class='ocrx_word' id='word_1_154' title='bbox 443 1392 481 1430; x_wconf 93' lang='lat' dir='ltr'>in</span> <span class='ocrx_word' id='word_1_155' title='bbox 509 1392 666 1442; x_wconf 85' lang='lat' dir='ltr'>privatis</span> <span class='ocrx_word' id='word_1_156' title='bbox 695 1405 849 1441; x_wconf 88' lang='lat' dir='ltr'>semper</span> <span class='ocrx_word' id='word_1_157' title='bbox 869 1400 927 1430; x_wconf 86' lang='lat' dir='ltr'>est</span> <span class='ocrx_word' id='word_1_158' title='bbox 955 1399 1164 1438; x_wconf 86' lang='lat' dir='ltr'>servatum,</span> <span class='ocrx_word' id='word_1_159' title='bbox 1187 1391 1225 1428; x_wconf 92' lang='lat' dir='ltr'>id</span> <span class='ocrx_word' id='word_1_160' title='bbox 1254 1399 1291 1428; x_wconf 90' lang='lat' dir='ltr'>te</span> <span class='ocrx_word' id='word_1_161' title='bbox 1322 1390 1480 1427; x_wconf 86' lang='lat' dir='ltr'>tribuno</span> <span class='ocrx_word' id='word_1_162' title='bbox 1506 1389 1632 1439; x_wconf 90' lang='lat' dir='ltr'>plebis</span> 
     </span>
    </p>
   </div>
   <div class='ocr_carea' id='block_1_4' title="bbox 246 1453 1629 1505">
    <p class='ocr_par' dir='ltr' id='par_1_4' title="bbox 246 1453 1629 1505">
     <span class='ocr_line' id='line_1_22' title="bbox 246 1453 1629 1505; baseline -0.004 -8"><span class='ocrx_word' id='word_1_163' title='bbox 246 1476 286 1505; x_wconf 80' lang='lat'>23</span> <span class='ocrx_word' id='word_1_164' title='bbox 308 1456 457 1495; x_wconf 88' lang='lat' dir='ltr'>consuli</span> <span class='ocrx_word' id='word_1_165' title='bbox 490 1458 632 1495; x_wconf 87' lang='lat' dir='ltr'>domus</span> <span class='ocrx_word' id='word_1_166' title='bbox 657 1456 835 1495; x_wconf 83' lang='lat' dir='ltr'>exsilium</span> <span class='ocrx_word' id='word_1_167' title='bbox 861 1470 946 1495; x_wconf 84' lang='lat' dir='ltr'>esse</span> <span class='ocrx_word' id='word_1_168' title='bbox 976 1469 1056 1494; x_wconf 88' lang='lat' dir='ltr'>non</span> <span class='ocrx_word' id='word_1_169' title='bbox 1082 1457 1243 1505; x_wconf 87' lang='lat' dir='ltr'>posset?</span> <span class='ocrx_word' id='word_1_170' title='bbox 1301 1454 1504 1503; x_wconf 87' lang='lat' dir='ltr'>Simulque</span> <span class='ocrx_word' id='word_1_171' title='bbox 1536 1453 1629 1492; x_wconf 89' lang='lat' dir='ltr'>mihi</span> 
     </span>
    </p>
   </div>
   <div class='ocr_carea' id='block_1_5' title="bbox 306 1517 1635 2089">
    <p class='ocr_par' dir='ltr' id='par_1_5' title="bbox 306 1517 1635 2089">
     <span class='ocr_line' id='line_1_23' title="bbox 307 1517 1632 1572; baseline -0.004 -12"><span class='ocrx_word' id='word_1_172' title='bbox 307 1524 545 1572; x_wconf 87' lang='lat' dir='ltr'>respondeto</span> <span class='ocrx_word' id='word_1_173' title='bbox 566 1530 622 1569; x_wconf 80' lang='lat' dir='ltr'>tu,</span> <span class='ocrx_word' id='word_1_174' title='bbox 642 1522 708 1572; x_wconf 82' lang='lat' dir='ltr'>qui</span> <span class='ocrx_word' id='word_1_175' title='bbox 737 1535 808 1560; x_wconf 92' lang='lat' dir='ltr'>nos</span> <span class='ocrx_word' id='word_1_176' title='bbox 836 1521 902 1571; x_wconf 83' lang='lat' dir='ltr'>qui</span> <span class='ocrx_word' id='word_1_177' title='bbox 925 1522 975 1559; x_wconf 88' lang='lat' dir='ltr'>de</span> <span class='ocrx_word' id='word_1_178' title='bbox 996 1519 1198 1558; x_wconf 87' lang='lat' dir='ltr'>communi</span> <span class='ocrx_word' id='word_1_179' title='bbox 1220 1521 1344 1558; x_wconf 88' lang='lat' dir='ltr'>salute</span> <span class='ocrx_word' id='word_1_180' title='bbox 1365 1517 1632 1557; x_wconf 87' lang='lat' dir='ltr'>consentimus</span> 
     </span>
     <span class='ocr_line' id='line_1_24' title="bbox 306 1583 1633 1638; baseline -0.005 -12"><span class='ocrx_word' id='word_1_181' title='bbox 306 1598 491 1638; x_wconf 77' lang='lat' dir='ltr'>tyrannos</span> <span class='ocrx_word' id='word_1_182' title='bbox 505 1601 635 1633; x_wconf 80' lang='lat' dir='ltr'>vocas,</span> <span class='ocrx_word' id='word_1_183' title='bbox 650 1586 818 1625; x_wconf 86' lang='lat' dir='ltr'>fuerisne</span> <span class='ocrx_word' id='word_1_184' title='bbox 833 1600 913 1623; x_wconf 89' lang='lat' dir='ltr'>non</span> <span class='ocrx_word' id='word_1_185' title='bbox 931 1585 1111 1623; x_wconf 88' lang='lat' dir='ltr'>tribunus</span> <span class='ocrx_word' id='word_1_186' title='bbox 1126 1583 1262 1634; x_wconf 89' lang='lat' dir='ltr'>plebis,</span> <span class='ocrx_word' id='word_1_187' title='bbox 1280 1585 1349 1622; x_wconf 90' lang='lat' dir='ltr'>sed</span> <span class='ocrx_word' id='word_1_188' title='bbox 1367 1584 1633 1621; x_wconf 89' lang='lat' dir='ltr'>intolerandus</span> 
     </span>
     <span class='ocr_line' id='line_1_25' title="bbox 306 1647 1633 1701; baseline -0.005 -10"><span class='ocrx_word' id='word_1_189' title='bbox 306 1667 352 1691; x_wconf 88' lang='lat' dir='ltr'>ex</span> <span class='ocrx_word' id='word_1_190' title='bbox 373 1666 496 1691; x_wconf 81' lang='lat' dir='ltr'>caeno</span> <span class='ocrx_word' id='word_1_191' title='bbox 517 1653 651 1690; x_wconf 87' lang='lat' dir='ltr'>nescio</span> <span class='ocrx_word' id='word_1_192' title='bbox 672 1651 739 1701; x_wconf 85' lang='lat' dir='ltr'>qui</span> <span class='ocrx_word' id='word_1_193' title='bbox 760 1659 878 1700; x_wconf 82' lang='lat' dir='ltr'>atque</span> <span class='ocrx_word' id='word_1_194' title='bbox 901 1664 947 1688; x_wconf 85' lang='lat' dir='ltr'>ex</span> <span class='ocrx_word' id='word_1_195' title='bbox 969 1649 1139 1688; x_wconf 87' lang='lat' dir='ltr'>tenebris</span> <span class='ocrx_word' id='word_1_196' title='bbox 1161 1657 1357 1698; x_wconf 84' lang='lat' dir='ltr'>tyrannus,</span> <span class='ocrx_word' id='word_1_197' title='bbox 1377 1647 1443 1697; x_wconf 84' lang='lat' dir='ltr'>qui</span> <span class='ocrx_word' id='word_1_198' title='bbox 1466 1648 1633 1697; x_wconf 86' lang='lat' dir='ltr'>primum</span> 
     </span>
     <span class='ocr_line' id='line_1_26' title="bbox 306 1713 1633 1766; baseline -0.004 -11"><span class='ocrx_word' id='word_1_199' title='bbox 306 1732 392 1756; x_wconf 85' lang='lat' dir='ltr'>eam</span> <span class='ocrx_word' id='word_1_200' title='bbox 427 1730 508 1755; x_wconf 90' lang='lat' dir='ltr'>rem</span> <span class='ocrx_word' id='word_1_201' title='bbox 543 1716 743 1766; x_wconf 83' lang='lat' dir='ltr'>publicam</span> <span class='ocrx_word' id='word_1_202' title='bbox 779 1729 881 1765; x_wconf 84' lang='lat' dir='ltr'>quae</span> <span class='ocrx_word' id='word_1_203' title='bbox 916 1714 1098 1765; x_wconf 85' lang='lat' dir='ltr'>auspiciis</span> <span class='ocrx_word' id='word_1_204' title='bbox 1132 1714 1298 1752; x_wconf 89' lang='lat' dir='ltr'>inventis</span> <span class='ocrx_word' id='word_1_205' title='bbox 1333 1713 1544 1752; x_wconf 89' lang='lat' dir='ltr'>constituta</span> <span class='ocrx_word' id='word_1_206' title='bbox 1576 1720 1633 1750; x_wconf 90' lang='lat' dir='ltr'>est</span> 
     </span>
     <span class='ocr_line' id='line_1_27' title="bbox 306 1778 1633 1831; baseline -0.003 -12"><span class='ocrx_word' id='word_1_207' title='bbox 306 1783 431 1821; x_wconf 86' lang='lat' dir='ltr'>isdem</span> <span class='ocrx_word' id='word_1_208' title='bbox 452 1781 635 1831; x_wconf 88' lang='lat' dir='ltr'>auspiciis</span> <span class='ocrx_word' id='word_1_209' title='bbox 657 1781 819 1819; x_wconf 83' lang='lat' dir='ltr'>sublatis</span> <span class='ocrx_word' id='word_1_210' title='bbox 843 1794 1028 1819; x_wconf 88' lang='lat' dir='ltr'>conarere</span> <span class='ocrx_word' id='word_1_211' title='bbox 1056 1788 1285 1830; x_wconf 84' lang='lat' dir='ltr'>pervertere,</span> <span class='ocrx_word' id='word_1_212' title='bbox 1309 1778 1455 1817; x_wconf 88' lang='lat' dir='ltr'>deinde</span> <span class='ocrx_word' id='word_1_213' title='bbox 1475 1779 1633 1816; x_wconf 87' lang='lat' dir='ltr'>sanctis—</span> 
     </span>
     <span class='ocr_line' id='line_1_28' title="bbox 307 1843 1633 1897; baseline -0.003 -13"><span class='ocrx_word' id='word_1_214' title='bbox 307 1847 423 1885; x_wconf 86' lang='lat' dir='ltr'>simas</span> <span class='ocrx_word' id='word_1_215' title='bbox 454 1849 568 1897; x_wconf 81' lang='lat' dir='ltr'>leges,</span> <span class='ocrx_word' id='word_1_216' title='bbox 601 1846 755 1884; x_wconf 86' lang='lat' dir='ltr'>Aeliam</span> <span class='ocrx_word' id='word_1_217' title='bbox 787 1855 824 1884; x_wconf 92' lang='lat' dir='ltr'>et</span> <span class='ocrx_word' id='word_1_218' title='bbox 856 1848 1007 1884; x_wconf 78' lang='lat' dir='ltr'>Fufiam</span> <span class='ocrx_word' id='word_1_219' title='bbox 1039 1845 1140 1892; x_wconf 90' lang='lat' dir='ltr'>dico,</span> <span class='ocrx_word' id='word_1_220' title='bbox 1174 1858 1273 1895; x_wconf 87' lang='lat' dir='ltr'>quae</span> <span class='ocrx_word' id='word_1_221' title='bbox 1295 1843 1334 1881; x_wconf 86' lang='lat' dir='ltr'>in</span> <span class='ocrx_word' id='word_1_222' title='bbox 1364 1844 1633 1882; x_wconf 84' lang='lat' dir='ltr'>Gracchorum</span> 
     </span>
     <span class='ocr_line' id='line_1_29' title="bbox 307 1907 1635 1950; baseline -0.003 0"><span class='ocrx_word' id='word_1_223' title='bbox 307 1912 507 1950; x_wconf 86' lang='lat' dir='ltr'>ferocitate</span> <span class='ocrx_word' id='word_1_224' title='bbox 529 1920 565 1950; x_wconf 88' lang='lat' dir='ltr'>et</span> <span class='ocrx_word' id='word_1_225' title='bbox 593 1911 632 1949; x_wconf 90' lang='lat' dir='ltr'>in</span> <span class='ocrx_word' id='word_1_226' title='bbox 658 1911 823 1950; x_wconf 85' lang='lat' dir='ltr'>audacia</span> <span class='ocrx_word' id='word_1_227' title='bbox 846 1910 1043 1950; x_wconf 86' lang='lat' dir='ltr'>Saturnini</span> <span class='ocrx_word' id='word_1_228' title='bbox 1070 1918 1107 1949; x_wconf 90' lang='lat' dir='ltr'>et</span> <span class='ocrx_word' id='word_1_229' title='bbox 1135 1910 1174 1947; x_wconf 91' lang='lat' dir='ltr'>in</span> <span class='ocrx_word' id='word_1_230' title='bbox 1202 1908 1438 1948; x_wconf 85' lang='lat' dir='ltr'>conluvione</span> <span class='ocrx_word' id='word_1_231' title='bbox 1461 1907 1578 1946; x_wconf 89' lang='lat' dir='ltr'>Drusi</span> <span class='ocrx_word' id='word_1_232' title='bbox 1597 1916 1635 1946; x_wconf 91' lang='lat' dir='ltr'>et</span> 
     </span>
     <span class='ocr_line' id='line_1_30' title="bbox 308 1972 1635 2026; baseline -0.004 -12"><span class='ocrx_word' id='word_1_233' title='bbox 308 1978 347 2015; x_wconf 93' lang='lat' dir='ltr'>in</span> <span class='ocrx_word' id='word_1_234' title='bbox 379 1977 633 2015; x_wconf 86' lang='lat' dir='ltr'>contentione</span> <span class='ocrx_word' id='word_1_235' title='bbox 669 1976 815 2026; x_wconf 87' lang='lat' dir='ltr'>Sulpici</span> <span class='ocrx_word' id='word_1_236' title='bbox 849 1984 887 2014; x_wconf 93' lang='lat' dir='ltr'>et</span> <span class='ocrx_word' id='word_1_237' title='bbox 919 1975 958 2013; x_wconf 89' lang='lat' dir='ltr'>in</span> <span class='ocrx_word' id='word_1_238' title='bbox 991 1988 1126 2014; x_wconf 91' lang='lat' dir='ltr'>cruore</span> <span class='ocrx_word' id='word_1_239' title='bbox 1159 1974 1353 2020; x_wconf 88' lang='lat' dir='ltr'>Cinnano,</span> <span class='ocrx_word' id='word_1_240' title='bbox 1387 1972 1504 2011; x_wconf 86' lang='lat' dir='ltr'>etiam</span> <span class='ocrx_word' id='word_1_241' title='bbox 1537 1973 1635 2010; x_wconf 91' lang='lat' dir='ltr'>inter</span> 
     </span>
     <span class='ocr_line' id='line_1_31' title="bbox 308 2037 1635 2089; baseline -0.005 -9"><span class='ocrx_word' id='word_1_242' title='bbox 308 2044 467 2081; x_wconf 86' lang='lat' dir='ltr'>Sullana</span> <span class='ocrx_word' id='word_1_243' title='bbox 508 2056 616 2080; x_wconf 88' lang='lat' dir='ltr'>arma</span> <span class='ocrx_word' id='word_1_244' title='bbox 655 2042 847 2089; x_wconf 79' lang='lat' dir='ltr'>vixerunt,</span> <span class='ocrx_word' id='word_1_245' title='bbox 885 2042 991 2079; x_wconf 89' lang='lat' dir='ltr'>solus</span> <span class='ocrx_word' id='word_1_246' title='bbox 1034 2038 1276 2078; x_wconf 88' lang='lat' dir='ltr'>conculcaris</span> <span class='ocrx_word' id='word_1_247' title='bbox 1315 2051 1360 2076; x_wconf 87' lang='lat' dir='ltr'>ac</span> <span class='ocrx_word' id='word_1_248' title='bbox 1403 2050 1473 2087; x_wconf 90' lang='lat' dir='ltr'>pro</span> <span class='ocrx_word' id='word_1_249' title='bbox 1512 2037 1635 2074; x_wconf 89' lang='lat' dir='ltr'>nihilo</span> 
     </span>
    </p>
   </div>
   <div class='ocr_carea' id='block_1_6' title="bbox 308 2140 1635 2406">
    <p class='ocr_par' dir='ltr' id='par_1_6' title="bbox 308 2140 1635 2406">
     <span class='ocr_line' id='line_1_32' title="bbox 352 2140 1635 2184; baseline -0.005 -7"><span class='ocrx_word' id='word_1_250' title='bbox 352 2158 371 2177; x_wconf 86' lang='lat'><em>2</em></span> <span class='ocrx_word' id='word_1_251' title='bbox 397 2148 428 2177; x_wconf 92' lang='lat' dir='ltr'>in</span> <span class='ocrx_word' id='word_1_252' title='bbox 447 2147 536 2177; x_wconf 84' lang='grc' dir='ltr'>ΡΒΣ</span> <span class='ocrx_word' id='word_1_253' title='bbox 552 2158 559 2177; x_wconf 73' lang='lat'>1</span> <span class='ocrx_word' id='word_1_254' title='bbox 583 2157 650 2177; x_wconf 85' lang='lat' dir='ltr'>om.</span> <span class='ocrx_word' id='word_1_255' title='bbox 674 2146 769 2176; x_wconf 80' lang='lat' dir='ltr'>GEs:</span> <span class='ocrx_word' id='word_1_256' title='bbox 795 2145 843 2175; x_wconf 89' lang='lat' dir='ltr'>rei</span> <span class='ocrx_word' id='word_1_257' title='bbox 857 2146 932 2184; x_wconf 89' lang='lat' dir='ltr'>pub.</span> <span class='ocrx_word' id='word_1_258' title='bbox 950 2145 1008 2174; x_wconf 82' lang='lat' dir='ltr'>Hk</span> <span class='ocrx_word' id='word_1_259' title='bbox 1022 2143 1074 2175; x_wconf 78' lang='lat' dir='ltr'>all.</span> <span class='ocrx_word' id='word_1_260' title='bbox 1176 2153 1195 2182; x_wconf 88' lang='lat'><strong>4</strong></span> <span class='ocrx_word' id='word_1_261' title='bbox 1220 2142 1260 2172; x_wconf 83' lang='lat' dir='ltr'>ab</span> <span class='ocrx_word' id='word_1_262' title='bbox 1272 2141 1328 2172; x_wconf 86' lang='grc' dir='ltr'>ΡΣ</span> <span class='ocrx_word' id='word_1_263' title='bbox 1344 2154 1351 2172; x_wconf 77' lang='lat' dir='ltr'><em>z</em></span> <span class='ocrx_word' id='word_1_264' title='bbox 1374 2152 1393 2171; x_wconf 94' lang='lat' dir='ltr'>a</span> <span class='ocrx_word' id='word_1_265' title='bbox 1410 2140 1518 2171; x_wconf 80' lang='lat' dir='ltr'>Sclzol.</span> <span class='ocrx_word' id='word_1_266' title='bbox 1533 2151 1569 2170; x_wconf 89' lang='lat' dir='ltr'>s:</span> <span class='ocrx_word' id='word_1_267' title='bbox 1593 2141 1635 2171; x_wconf 86' lang='lat' dir='ltr'>ad</span> 
     </span>
     <span class='ocr_line' id='line_1_33' title="bbox 312 2185 1634 2227; baseline -0.005 -6"><span class='ocrx_word' id='word_1_268' title='bbox 312 2191 372 2220; x_wconf 80' lang='lat' dir='ltr'>GE</span> <span class='ocrx_word' id='word_1_269' title='bbox 456 2192 476 2220; x_wconf 91' lang='lat'>6</span> <span class='ocrx_word' id='word_1_270' title='bbox 501 2196 533 2220; x_wconf 90' lang='lat' dir='ltr'>et</span> <span class='ocrx_word' id='word_1_271' title='bbox 552 2195 656 2220; x_wconf 90' lang='lat' dir='ltr'>const.</span> <span class='ocrx_word' id='word_1_272' title='bbox 679 2201 744 2220; x_wconf 79' lang='lat' dir='ltr'>om.</span> <span class='ocrx_word' id='word_1_273' title='bbox 764 2189 870 2220; x_wconf 71' lang='lat' dir='ltr'>schol.</span> <span class='ocrx_word' id='word_1_274' title='bbox 963 2199 978 2227; x_wconf 92' lang='lat'><strong>7</strong></span> <span class='ocrx_word' id='word_1_275' title='bbox 1004 2188 1036 2218; x_wconf 88' lang='lat' dir='ltr'>vi</span> <span class='ocrx_word' id='word_1_276' title='bbox 1051 2186 1159 2218; x_wconf 81' lang='lat' dir='ltr'>Sclzol.</span> <span class='ocrx_word' id='word_1_277' title='bbox 1180 2199 1186 2217; x_wconf 71' lang='grc' dir='ltr'><strong><em>ι</em></strong></span> <span class='ocrx_word' id='word_1_278' title='bbox 1211 2192 1245 2216; x_wconf 89' lang='lat' dir='ltr'>ut</span> <span class='ocrx_word' id='word_1_279' title='bbox 1262 2186 1296 2216; x_wconf 85' lang='lat' dir='ltr'><em>P</em></span> <span class='ocrx_word' id='word_1_280' title='bbox 1310 2185 1374 2216; x_wconf 72' lang='lat' dir='ltr'>rell.</span> <span class='ocrx_word' id='word_1_281' title='bbox 1471 2187 1510 2215; x_wconf 90' lang='lat'>18</span> <span class='ocrx_word' id='word_1_282' title='bbox 1534 2185 1634 2214; x_wconf 90' lang='lat' dir='ltr'>domo</span> 
     </span>
     <span class='ocr_line' id='line_1_34' title="bbox 311 2228 1632 2272; baseline -0.005 -8"><span class='ocrx_word' id='word_1_283' title='bbox 311 2234 369 2264; x_wconf 61' lang='lat'>(3²2</span> <span class='ocrx_word' id='word_1_284' title='bbox 392 2235 528 2265; x_wconf 87' lang='lat' dir='ltr'>domum</span> <span class='ocrx_word' id='word_1_285' title='bbox 539 2233 651 2265; x_wconf 67' lang='lat' dir='ltr'>20sz</span> <span class='ocrx_word' id='word_1_286' title='bbox 695 2233 790 2262; x_wconf 83' lang='lat' dir='ltr'>Num</span> <span class='ocrx_word' id='word_1_287' title='bbox 804 2234 903 2263; x_wconf 89' lang='lat' dir='ltr'>domu</span> <span class='ocrx_word' id='word_1_288' title='bbox 917 2233 926 2262; x_wconf 75' lang='lat'>2</span> <span class='ocrx_word' id='word_1_289' title='bbox 941 2231 1046 2272; x_wconf 78' lang='lat' dir='ltr'>(Verr.</span> <span class='ocrx_word' id='word_1_290' title='bbox 1060 2242 1091 2270; x_wconf 86' lang='lat' dir='ltr'>v,</span> <span class='ocrx_word' id='word_1_291' title='bbox 1108 2233 1122 2267; x_wconf 63' lang='grc' dir='ltr'>ξ</span> <span class='ocrx_word' id='word_1_292' title='bbox 1142 2231 1218 2271; x_wconf 79' lang='lat'><em>128)</em></span> <span class='ocrx_word' id='word_1_293' title='bbox 1335 2239 1372 2267; x_wconf 90' lang='lat'>19</span> <span class='ocrx_word' id='word_1_294' title='bbox 1398 2229 1430 2259; x_wconf 93' lang='lat' dir='ltr'>id</span> <span class='ocrx_word' id='word_1_295' title='bbox 1444 2228 1501 2259; x_wconf 81' lang='lat' dir='ltr'><em>del.</em></span> <span class='ocrx_word' id='word_1_296' title='bbox 1520 2228 1632 2259; x_wconf 82' lang='lat' dir='ltr'>Garat.</span> 
     </span>
     <span class='ocr_line' id='line_1_35' title="bbox 310 2271 1635 2314; baseline -0.005 -7"><span class='ocrx_word' id='word_1_297' title='bbox 310 2289 350 2308; x_wconf 85' lang='lat'>20</span> <span class='ocrx_word' id='word_1_298' title='bbox 376 2278 492 2308; x_wconf 89' lang='lat' dir='ltr'>consili</span> <span class='ocrx_word' id='word_1_299' title='bbox 508 2277 552 2308; x_wconf 79' lang='grc' dir='ltr'>Ρ2</span> <span class='ocrx_word' id='word_1_300' title='bbox 569 2289 576 2308; x_wconf 90' lang='lat'>:</span> <span class='ocrx_word' id='word_1_301' title='bbox 600 2277 731 2307; x_wconf 86' lang='lat' dir='ltr'>consilii</span> <span class='ocrx_word' id='word_1_302' title='bbox 749 2276 805 2308; x_wconf 87' lang='grc' dir='ltr'>ΒΣ</span> <span class='ocrx_word' id='word_1_303' title='bbox 939 2285 977 2305; x_wconf 84' lang='lat'>21</span> <span class='ocrx_word' id='word_1_304' title='bbox 1004 2276 1060 2314; x_wconf 89' lang='lat' dir='ltr'>qui</span> <span class='ocrx_word' id='word_1_305' title='bbox 1079 2277 1169 2309; x_wconf 77' lang='lat' dir='ltr'>(ante</span> <span class='ocrx_word' id='word_1_306' title='bbox 1184 2274 1239 2311; x_wconf 79' lang='lat' dir='ltr'>de)</span> <span class='ocrx_word' id='word_1_307' title='bbox 1258 2284 1285 2303; x_wconf 80' lang='lat' dir='ltr'>S.</span> <span class='ocrx_word' id='word_1_308' title='bbox 1299 2272 1321 2304; x_wconf 92' lang='lat' dir='ltr'>l.</span> <span class='ocrx_word' id='word_1_309' title='bbox 1340 2271 1405 2302; x_wconf 80' lang='lat' dir='ltr'>P2:</span> <span class='ocrx_word' id='word_1_310' title='bbox 1432 2275 1509 2311; x_wconf 82' lang='lat' dir='ltr'>post</span> <span class='ocrx_word' id='word_1_311' title='bbox 1529 2271 1635 2301; x_wconf 86' lang='lat' dir='ltr'>salute</span> 
     </span>
     <span class='ocr_line' id='line_1_36' title="bbox 308 2314 1634 2360; baseline -0.005 -10"><span class='ocrx_word' id='word_1_312' title='bbox 308 2322 427 2351; x_wconf 73' lang='lat' dir='ltr'>habent</span> <span class='ocrx_word' id='word_1_313' title='bbox 445 2321 506 2352; x_wconf 83' lang='lat' dir='ltr'>GE</span> <span class='ocrx_word' id='word_1_314' title='bbox 612 2331 653 2359; x_wconf 83' lang='lat'>23</span> <span class='ocrx_word' id='word_1_315' title='bbox 677 2320 819 2360; x_wconf 89' lang='lat' dir='ltr'>primurn</span> <span class='ocrx_word' id='word_1_316' title='bbox 837 2319 932 2349; x_wconf 78' lang='lat' dir='ltr'>Hks:</span> <span class='ocrx_word' id='word_1_317' title='bbox 958 2319 1099 2358; x_wconf 82' lang='lat' dir='ltr'>primam</span> <span class='ocrx_word' id='word_1_318' title='bbox 1118 2317 1206 2348; x_wconf 87' lang='grc' dir='ltr'>ΡΒΣ</span> <span class='ocrx_word' id='word_1_319' title='bbox 1222 2317 1286 2348; x_wconf 71' lang='lat' dir='ltr'>rell.</span> <span class='ocrx_word' id='word_1_320' title='bbox 1401 2326 1441 2354; x_wconf 89' lang='lat'>24</span> <span class='ocrx_word' id='word_1_321' title='bbox 1467 2314 1634 2354; x_wconf 89' lang='lat' dir='ltr'>publicam</span> 
     </span>
     <span class='ocr_line' id='line_1_37' title="bbox 309 2359 1256 2406; baseline -0.005 -11"><span class='ocrx_word' id='word_1_322' title='bbox 309 2366 388 2406; x_wconf 62' lang='lat' dir='ltr'>(p.)</span> <span class='ocrx_word' id='word_1_323' title='bbox 408 2369 437 2395; x_wconf 84' lang='lat' dir='ltr'>et</span> <span class='ocrx_word' id='word_1_324' title='bbox 452 2364 599 2395; x_wconf 86' lang='lat' dir='ltr'>inventis</span> <span class='ocrx_word' id='word_1_325' title='bbox 617 2375 681 2395; x_wconf 84' lang='lat' dir='ltr'>om.</span> <span class='ocrx_word' id='word_1_326' title='bbox 701 2363 808 2395; x_wconf 80' lang='lat' dir='ltr'>Sclzol.</span> <span class='ocrx_word' id='word_1_327' title='bbox 943 2372 984 2401; x_wconf 88' lang='lat'>25</span> <span class='ocrx_word' id='word_1_328' title='bbox 1010 2367 1165 2393; x_wconf 86' lang='lat' dir='ltr'>evertere</span> <span class='ocrx_word' id='word_1_329' title='bbox 1185 2359 1256 2391; x_wconf 84' lang='lat' dir='ltr'>GE¹</span> 
     </span>
    </p>
   </div>
   <div class='ocr_carea' id='block_1_7' title="bbox 1649 496 1666 526">
    <p class='ocr_par' dir='ltr' id='par_1_7' title="bbox 1649 496 1666 526">
     <span class='ocr_line' id='line_1_38' title="bbox 1649 496 1666 526; baseline 0 0"><span class='ocrx_word' id='word_1_330' title='bbox 1649 496 1666 526; x_wconf 90' lang='grc'>5</span> 
     </span>
    </p>
   </div>
   <div class='ocr_carea' id='block_1_8' title="bbox 1654 822 1692 843">
    <p class='ocr_par' dir='ltr' id='par_1_8' title="bbox 1654 822 1692 843">
     <span class='ocr_line' id='line_1_39' title="bbox 1654 822 1692 843; baseline 0 0"><span class='ocrx_word' id='word_1_331' title='bbox 1654 822 1692 843; x_wconf 89' lang='grc'>10</span> 
     </span>
    </p>
   </div>
   <div class='ocr_carea' id='block_1_9' title="bbox 1655 1145 1691 1176">
    <p class='ocr_par' dir='ltr' id='par_1_9' title="bbox 1655 1145 1691 1176">
     <span class='ocr_line' id='line_1_40' title="bbox 1655 1145 1691 1176; baseline 0 0"><span class='ocrx_word' id='word_1_332' title='bbox 1655 1145 1691 1176; x_wconf 82' lang='grc' dir='ltr'>ῐ5</span> 
     </span>
    </p>
   </div>
   <div class='ocr_carea' id='block_1_10' title="bbox 1656 1469 1696 1491">
    <p class='ocr_par' dir='ltr' id='par_1_10' title="bbox 1656 1469 1696 1491">
     <span class='ocr_line' id='line_1_41' title="bbox 1656 1469 1696 1491; baseline 0 0"><span class='ocrx_word' id='word_1_333' title='bbox 1656 1469 1696 1491; x_wconf 83' lang='grc'>20</span> 
     </span>
    </p>
   </div>
   <div class='ocr_carea' id='block_1_11' title="bbox 1655 1789 1693 1821">
    <p class='ocr_par' dir='ltr' id='par_1_11' title="bbox 1655 1789 1693 1821">
     <span class='ocr_line' id='line_1_42' title="bbox 1655 1789 1693 1821; baseline 0 0"><span class='ocrx_word' id='word_1_334' title='bbox 1655 1789 1693 1821; x_wconf 87' lang='lat'>25</span> 
     </span>
    </p>
   </div>
  </div>
 </body>
</html>
