1774 2782
241 156 312 192 1³1⁴]
348 154 512 192 DOMO
543 155 645 191 SVA
678 155 753 191 As)
785 154 1118 193 PONTIFICES
1150 156 1366 193 ORATIO
1421 165 1470 203 52

145 278 222 314 que
243 263 379 314 imperi
407 263 624 302 conservati
651 264 884 303 dedissent?
942 266 1050 313 Quid
1072 265 1233 311 diceres,
1257 278 1281 303 o
1300 267 1470 303 nefanda

146 336 184 367 et
205 330 424 379 perniciosa
451 328 562 368 labes
582 328 779 367 civitatis?
837 331 845 348 ‘
863 329 981 375 Ades,
1006 330 1184 377 Luculle,
1206 331 1300 368 ades
1322 330 1468 377 Servili,

146 394 243 432 dum
264 393 408 432 dedico
428 395 592 431 domum
615 393 828 440 Ciceronis,
847 402 889 432 ut
911 395 1004 431 mihi
1027 396 1217 444 praeeatis
1239 404 1471 444 postemque

146 457 358 496 teneatisl'
418 459 471 495 Es
506 465 547 495 tu
583 457 744 507 quidem
780 470 870 495 cum
905 458 1071 495 audacia
1105 466 1188 496 tum
1228 458 1472 508 impudentia

108 539 125 570 5
147 523 341 573 singulari,
362 524 431 562 sed
449 523 519 561 tibi
541 531 672 562 tamen
690 523 808 568 oculi,
825 525 965 571 vultus,
985 523 1103 562 verba
1120 525 1366 571 cecidissent,
1381 538 1471 561 curn

146 597 184 627 te
213 588 294 633 viri,
326 588 394 638 qui
424 602 494 626 sua
529 589 718 638 dignitate
753 601 960 638 personam
991 590 1126 639 populi
1158 590 1333 627 Romani
1353 598 1472 639 atque

145 653 418 693 auctoritatem
455 653 592 703 imperi
622 655 869 700 sustinerent,
907 653 1035 691 verbis
1064 653 1299 703 gravissimis
1332 662 1474 702 proter-

145 718 325 764 ruissent,
355 731 486 767 neque
512 718 587 756 sibi
621 720 678 756 sas
708 731 793 757 esse
823 718 1011 756 dixissent
1041 718 1158 756 furori
1190 718 1375 756 interesse
1406 726 1474 756 tuo

145 790 266 833 atque
296 782 334 820 in
365 782 511 832 patriae
539 783 748 832 parricidio
782 784 985 821 exsultare.
1045 784 1159 831 Quae
1190 796 1279 821 cum
1310 785 1471 830 videres,

91 861 128 883 10
147 855 229 886 tum
261 855 299 885 te
321 848 373 885 ad
401 854 511 885 tuum
541 848 714 885 adfinem
740 860 820 885 non
847 849 1043 886 delectum
1074 861 1097 885 a
1125 856 1174 894 te,
1198 849 1268 886 sed
1296 848 1474 886 relictum

146 927 169 951 a
189 913 327 950 ceteris
348 912 561 950 contulisti.
619 914 750 961 Quem
773 926 845 962 ego
866 920 998 951 tamen
1020 913 1149 959 credo,
1169 913 1199 949 si
1221 920 1278 950 est
1298 920 1404 950 ortus
1424 912 1475 950 ab

146 977 221 1015 illis
241 990 341 1027 quos
363 978 575 1015 memoriae
596 978 793 1026 proditum
816 986 874 1016 est
893 977 945 1015 ab
966 977 1052 1028 ipso
1075 977 1248 1015 Hercule
1270 978 1475 1026 perfuncto

148 1042 225 1080 iam
247 1041 448 1080 laboribus
473 1055 581 1080 sacra
604 1043 801 1089 didicisse,
826 1044 864 1080 in
886 1043 955 1080 viri
977 1044 1085 1080 fortis
1105 1042 1302 1080 aerumnis
1323 1055 1403 1080 non
1422 1041 1476 1080 ita

148 1108 348 1145 crudelem
377 1108 497 1145 fuisse
525 1115 565 1145 ut
591 1108 630 1144 in
655 1107 729 1145 vivi
751 1109 869 1145 etiam
897 1115 935 1146 et
960 1108 1139 1157 spirantis
1167 1108 1294 1156 capite
1316 1107 1475 1144 bustum

92 1183 126 1214 15
148 1174 228 1210 suis
242 1172 423 1210 manibus
442 1173 685 1221 imponeret,
714 1173 781 1221 qui
797 1181 864 1210 aut
877 1174 975 1210 nihil
991 1171 1087 1210 dixit
1104 1185 1176 1210 nec
1193 1173 1283 1209 fecit
1299 1171 1474 1218 omnino,

149 1249 400 1288 poenamque
435 1238 536 1274 hanc
572 1245 770 1275 maternae
805 1236 1033 1275 temeritatis
1065 1237 1151 1274 tulit
1186 1244 1227 1274 ut
1257 1244 1406 1274 mutam
1437 1237 1477 1274 in

148 1303 294 1341 delicto
324 1315 532 1352 personam
562 1315 789 1351 nomenque
814 1302 1026 1351 praeberet,
1052 1310 1129 1349 aut,
1153 1303 1182 1340 si
1209 1301 1305 1340 dixit
1327 1303 1477 1352 aliquid

148 1367 276 1406 verbis
307 1367 591 1405 haesitantibus
622 1374 857 1417 postemque
891 1367 1152 1406 tremebunda
1187 1381 1305 1405 manu
1339 1368 1476 1418 tetigit,

149 1441 254 1471 certe
275 1432 370 1470 nihil
393 1431 474 1478 rite,
495 1431 591 1469 nibil
619 1440 735 1477 caste,
759 1432 855 1469 nihil
883 1445 990 1469 more
1019 1432 1276 1482 institutoque
1303 1432 1475 1482 perfecit.

91 1512 131 1534 20
152 1499 313 1536 Viderat
331 1497 393 1535 ille
411 1499 633 1544 Murenam,
652 1498 829 1535 vitricum
853 1511 979 1542 suum,
995 1499 1197 1536 consulem
1215 1498 1474 1547 designatum,

149 1564 200 1601 ad
222 1575 286 1601 me
309 1564 512 1601 consulem
534 1575 625 1599 cum
655 1563 935 1612 Allobrogibus
964 1564 1184 1601 communis
1215 1564 1306 1601 exiti
1333 1564 1478 1601 indicia

149 1629 312 1675 adferre,
349 1629 524 1666 audierat
559 1641 606 1665 ex
641 1629 707 1665 illo
742 1641 784 1666 se
817 1642 840 1666 a
875 1642 938 1666 me
974 1629 1031 1666 bis
1067 1630 1231 1667 salutem
1265 1630 1475 1678 accepisse,

151 1693 358 1742 separatim
381 1695 514 1741 semel,
534 1695 673 1731 iterum
691 1707 782 1731 cum
800 1695 1000 1732 universis.
1058 1696 1149 1743 Qua
1166 1708 1205 1732 re
1223 1694 1312 1744 quis
1333 1702 1390 1732 est
1411 1695 1476 1744 qui

152 1758 372 1797 existimare
407 1760 530 1808 possit
565 1760 656 1797 huic
692 1772 797 1797 novo
828 1761 1020 1809 pontifici,
1053 1759 1218 1809 primam
1255 1761 1356 1797 hanc
1391 1767 1478 1808 post

93 1837 130 1868 ²5
153 1824 416 1861 sacerdotium
448 1823 587 1861 initum
623 1825 851 1873 religionem
886 1824 1104 1862 instituenti
1140 1837 1357 1874 vocemque
1397 1824 1478 1861 init-

152 1887 260 1935 tenti,
283 1901 363 1926 non
385 1897 422 1926 et
450 1889 621 1938 linguam
648 1889 895 1928 obmutuisse
920 1898 958 1928 et
983 1902 1143 1926 manum
1171 1889 1417 1938 obtorpuisse
1442 1898 1479 1927 et

153 1962 325 1991 mentem
362 1953 604 1991 debilitatam
637 1962 744 1991 metu
781 1955 1013 2001 concidisse,
1052 1956 1275 2004 praesertim
1312 1967 1400 1991 cum
1434 1967 1480 1991 ex

151 2019 332 2067 conlegio
363 2026 473 2056 tanto
503 2032 582 2056 non
613 2031 754 2067 regem,
787 2033 868 2056 non
900 2020 1109 2066 flaminem,
1143 2032 1222 2057 non
1253 2019 1478 2068 pontificem

198 2133 216 2151 2
244 2121 335 2152 Ades
371 2121 446 2153 Luc.
479 2122 561 2152 ades
593 2122 690 2153 Serv.
721 2123 759 2152 lde
777 2134 782 2152 :
816 2122 920 2161 Ades,
956 2124 1049 2160 ades,
1084 2123 1162 2154 Luc.
1205 2124 1299 2153 Serv.
1336 2121 1481 2151 P²Bllw

153 2168 174 2196 6
198 2165 311 2205 populi
332 2165 444 2196 codd.:
468 2166 584 2205 populi
606 2165 751 2196 Romani
770 2166 816 2196 ed.
837 2166 880 2197 R.
922 2172 1004 2201 12-R-)
1148 2177 1168 2205 9
1193 2167 1363 2196 exsultare
1378 2165 1479 2195 Kocli.

154 2213 236 2240 auct.
257 2209 371 2240 Muell.
391 2221 397 2239 z
417 2214 451 2239 et
468 2209 597 2239 scelere
614 2209 704 2240 codd.
722 2221 728 2239 :
745 2209 915 2239 excellere
935 2211 1022 2241 Bait.
1118 2220 1153 2248 13
1179 2210 1334 2240 didicisse
1351 2209 1370 2237 k
1387 2208 1480 2238 Serv.

153 2253 200 2283 ad
220 2252 305 2283 Aen.
333 2253 400 2283 viii.
429 2254 513 2291 269:
546 2253 681 2283 dedisse
699 2253 764 2284 rell.
904 2263 939 2291 14
966 2255 999 2284 in
1023 2254 1086 2284 vivi
1111 2254 1211 2284 etiam
1240 2252 1352 2283 codd.:
1380 2251 1411 2281 in
1435 2252 1480 2281 vi-

155 2296 265 2326 ventis
287 2297 385 2326 etiam
409 2296 606 2326 Arusianus
727 2301 761 2326 et
782 2297 945 2335 spirantis
966 2296 1015 2334 M,
1034 2297 1162 2328 Arus.:
1196 2302 1228 2326 et
1260 2297 1322 2326 iarn
1352 2305 1401 2334 sp.
1427 2295 1481 2325 ‘st

155 2340 317 2378 spirantis
341 2339 373 2370 P
395 2340 460 2370 rell.
484 2344 611 2379 praeter
635 2339 663 2369 G
689 2340 731 2375 (si
753 2340 884 2374 irantisl
903 2351 918 2370 e
935 2341 1110 2379 (surantis)
1214 2341 1323 2379 capite
1348 2339 1479 2368 bustum

158 2382 271 2413 Garat.
294 2387 408 2421 (caput
425 2383 559 2413 bustum
578 2383 631 2422 bk)
648 2394 654 2412 ε
680 2384 843 2422 capitibus
861 2389 930 2414 turn
948 2383 1035 2414 codd.
1154 2393 1190 2422 15
1215 2384 1446 2422 imponeretur
1462 2382 1481 2410 k

161 2428 198 2455 16
223 2431 344 2456 mutam
363 2426 552 2466 Naugerius
573 2427 617 2465 11)
636 2438 642 2456 τ
660 2433 805 2456 mutuam
825 2427 911 2458 codd.
1018 2428 1048 2456 in
1067 2427 1176 2457 alieno
1196 2427 1318 2457 delicto
1337 2425 1424 2455 Koch

1494 170 1550 200 ¹3²

1494 280 1550 309 ¹33

1498 794 1556 824 134

1502 1710 1559 1742 135
