1774 2782
266 180 338 216 1)κῖ
373 180 536 217 DOMO
568 181 670 217 SVA
701 181 777 217 Al)
810 180 1143 219 PONTIFICES
1179 182 1396 219 ORATIO
1456 193 1500 220 10

176 296 323 334 senatu,
353 286 615 325 maerentibus
645 287 757 325 bonis
782 287 978 334 omnibus,
1007 287 1124 326 totius
1155 288 1290 327 Italiae
1322 290 1501 339 precibus

175 352 397 402 repudiatis,
420 365 606 401 oppressa
634 359 827 401 captaque
855 367 893 390 re
916 353 1097 402 publica:
1133 353 1225 390 mihi
1254 356 1401 403 populo
1426 357 1501 393 Ro-

176 430 293 455 mano
328 415 571 465 implorante,
605 408 741 454 senatu
774 425 972 466 poscente,
1014 418 1256 467 temporibus
1294 419 1345 456 rei
1378 419 1500 468 publi-

174 494 242 519 cae
272 479 550 530 flagitantibus,
579 494 659 518 non
691 480 798 518 licuit
824 482 873 519 de
904 483 1027 519 salute
1054 482 1187 532 populi
1221 483 1392 520 Romani
1418 497 1500 521 sen-

135 559 151 589 5
175 545 335 584 tentiam
363 544 522 583 dicere?
579 546 669 592 Qua
697 545 857 594 quidem
889 545 927 583 in
956 546 1149 584 sententia
1176 546 1205 584 si
1234 548 1306 585 (jn.
1338 548 1498 597 Pompei
1522 563 1534 583 2

173 609 340 659 dignitas
364 617 479 647 aucta
507 617 564 647 est
595 609 806 648 coniuncta
835 624 926 648 cum
958 610 1121 649 utilitate
1151 611 1364 658 communi,
1397 620 1500 651 certe

173 675 392 712 laudandus
427 688 553 712 essem
589 674 619 712 si
655 674 737 712 eius
772 674 949 724 dignitati
987 677 1215 725 suffragatus
1250 677 1400 714 viderer
1433 677 1498 726 qui

175 753 283 777 meae
308 738 420 777 saluti
448 753 565 788 opem
591 747 629 777 et
653 739 839 777 auxilium
867 740 1028 778 tulisset.
1089 740 1293 788 Desinant,
1319 741 1500 779 desinant

174 804 354 842 homines
383 803 506 842 isdem
529 804 719 842 machinis
748 818 900 854 sperare
925 819 987 843 me
1015 804 1235 843 restitutum
1265 819 1378 855 posse
1400 807 1500 844 labe-

116 884 155 907 10
174 869 307 908 factari
334 869 477 920 quibus
501 877 617 908 antea
637 876 805 908 stantem
834 872 1092 919 perculerunt.
1153 871 1274 917 Quod
1302 871 1407 909 enim
1433 886 1501 922 par

173 934 366 973 amicitiae
387 934 601 973 consularis
623 934 694 972 fuit
716 948 903 984 umquam
926 935 965 973 in
986 937 1059 974 hac
1080 935 1235 974 civitate
1253 936 1500 975 coniunctius

172 1017 290 1053 quarn
321 1002 465 1040 fuimus
496 1002 594 1041 inter
624 1016 695 1041 nos
726 1016 798 1053 ego
828 1010 865 1040 et
896 1004 968 1042 Cn.
1004 1002 1244 1053 Pompeius?
1278 1003 1364 1053 quis
1394 1006 1500 1054 apud

171 1070 361 1118 populum
399 1070 626 1106 Romanum
658 1069 708 1106 de
738 1067 840 1105 illius
872 1067 1061 1117 dignitate
1097 1067 1306 1115 inlustrius,
1339 1070 1426 1118 quis
1459 1070 1500 1106 in

172 1141 308 1172 senatu
339 1133 493 1183 saepius
523 1132 648 1171 dixit?
683 1132 748 1182 qui
775 1140 904 1170 tantus
933 1133 1003 1170 fuit
1033 1133 1155 1180 labor,
1183 1147 1283 1182 quae
1311 1133 1497 1180 simultas,

116 1209 151 1241 15
173 1211 273 1248 quae
308 1197 521 1243 contentio,
554 1211 671 1247 quam
702 1211 775 1247 ego
810 1211 890 1234 non
925 1211 995 1247 pro
1030 1197 1131 1236 illius
1158 1197 1347 1247 dignitate
1374 1212 1500 1237 susce-

171 1262 324 1312 perim?
354 1262 420 1312 qui
444 1262 495 1299 ab
522 1262 588 1299 illo
616 1262 654 1299 in
683 1276 745 1300 me
773 1263 911 1309 honos,
942 1275 1043 1311 quae
1068 1262 1307 1312 praedicatio
1334 1264 1384 1301 de
1413 1277 1499 1301 mea

171 1329 297 1375 laude,
334 1341 435 1378 quae
474 1327 736 1365 remuneratio
777 1326 1065 1365 benivolentiae
1104 1328 1375 1377 praetermissa
1413 1331 1499 1366 est?

173 1395 291 1431 Hanc
323 1400 495 1432 nostram
525 1392 859 1438 coniunctionem,
894 1393 995 1430 hanc
1027 1392 1359 1442 conspirationem
1390 1393 1429 1431 in
1460 1408 1498 1432 re

171 1459 328 1509 publica
353 1459 454 1497 bene
475 1459 657 1509 gerenda,
684 1459 785 1495 hanc
811 1457 1136 1495 iucundissimam
1159 1458 1259 1496 vitae
1280 1466 1398 1508 atque
1420 1459 1498 1497 offi-

113 1541 152 1563 20
170 1525 318 1564 ciorum
353 1524 531 1563 onmium
563 1523 793 1562 societatem
833 1523 926 1562 certi
964 1523 1145 1562 homines
1180 1525 1279 1562 fictis
1314 1525 1498 1563 sermoni-

170 1591 243 1629 bus
271 1598 308 1628 et
330 1590 433 1628 falsis
457 1589 687 1627 criminibus
716 1588 966 1634 diremerunt,
991 1602 1081 1626 cum
1107 1588 1212 1627 idem
1238 1589 1346 1627 illum
1373 1597 1414 1628 ut
1437 1604 1499 1629 me

170 1663 372 1703 metueret,
398 1669 459 1693 me
484 1662 648 1701 caveret,
677 1662 891 1700 monerent,
915 1654 1021 1692 idem
1046 1656 1152 1704 apud
1179 1668 1241 1693 me
1267 1655 1361 1692 mihi
1389 1655 1497 1694 illum

169 1723 234 1759 uni
257 1735 340 1760 esse
369 1720 682 1759 inimicissimum
709 1719 894 1766 dicerent,
920 1727 961 1757 ut
986 1733 1114 1769 neque
1138 1733 1211 1770 ego
1234 1720 1285 1757 ab
1311 1720 1377 1758 illo
1398 1734 1498 1770 quae

169 1787 263 1825 mihi
296 1788 466 1837 petenda
496 1793 627 1824 essent
656 1785 748 1824 satis
778 1784 979 1823 audaciter
1008 1792 1138 1835 petere
1169 1798 1337 1835 possem,
1368 1800 1497 1836 neque

110 1866 146 1897 25
169 1852 241 1897 ille,
280 1860 336 1891 tot
375 1851 665 1902 suspicionibus
705 1858 899 1889 certorum
941 1850 1146 1889 hominum
1182 1858 1219 1889 et
1253 1853 1398 1890 scelere
1438 1866 1498 1890 ex-

167 1919 372 1964 ulceratus,
394 1930 495 1967 quae
524 1930 654 1954 meum
685 1924 840 1966 tempus
869 1917 1082 1965 postularet
1107 1915 1197 1953 satis
1228 1916 1375 1965 prolixe
1401 1916 1494 1955 mihi

167 1984 423 2032 polliceretur.
474 1984 576 2020 Data
596 1995 743 2020 merces
765 1989 822 2020 est
844 1980 981 2019 erroris
1003 1979 1079 2018 mei
1101 1993 1250 2030 magna,
1274 1981 1494 2029 pontifices,

167 2055 207 2085 ut
237 2061 297 2086 me
325 2061 404 2086 non
433 2049 560 2086 solum
586 2046 714 2097 pigeat
740 2046 925 2085 stultitiae
956 2059 1065 2084 meae
1096 2046 1165 2083 sed
1193 2044 1309 2083 etiarn
1335 2047 1494 2094 pudeat,

165 2113 243 2162 qui,
273 2127 362 2151 cum
396 2127 457 2151 me
486 2127 566 2151 non
596 2112 842 2162 repentinum
874 2112 1035 2161 aliquod
1065 2119 1220 2160 tempus
1251 2124 1393 2157 meum,
1424 2112 1493 2149 sed

104 2189 144 2220 30
164 2186 312 2217 veteres
334 2180 457 2217 multo
473 2186 563 2217 ante
580 2177 749 2227 suscepti
771 2185 808 2216 et
830 2177 971 2228 provisi
990 2177 1141 2215 labores
1162 2190 1251 2214 curn
1270 2177 1351 2214 viro
1372 2176 1494 2214 sortis-

164 2243 264 2281 simo
288 2252 325 2282 et
350 2244 563 2282 clarissimo
591 2243 899 2290 coniunxissent,
920 2242 992 2280 sim
1018 2256 1154 2292 passus
1182 2255 1204 2279 a
1229 2241 1293 2279 tali
1321 2242 1491 2280 amicitia

206 2357 225 2385 5
251 2347 283 2377 in
301 2347 358 2378 del.
385 2347 479 2386 Wolf
619 2348 639 2376 6
665 2352 755 2377 esset
775 2357 838 2377 non
858 2347 1035 2377 coniuncta
1053 2346 1160 2376 Halm
1308 2355 1345 2375 10
1370 2356 1429 2384 per
1448 2346 1487 2375 ΡΙ

168 2400 201 2420 11
228 2391 374 2421 amicitia
389 2390 557 2421 consulari
575 2390 688 2420 Savels
819 2400 856 2428 13
882 2390 1043 2421 illustrius
1061 2393 1097 2419 ut
1114 2388 1229 2419 Lamb.
1251 2388 1295 2418 ita
1313 2388 1344 2417 b²
1360 2400 1366 2418 z
1392 2389 1489 2419 indu-

164 2434 266 2464 strius
283 2434 371 2465 codd.
477 2433 510 2463 in
530 2434 591 2473 Lg.
611 2444 631 2472 9
647 2437 674 2463 ct
694 2432 810 2464 Lamb.
831 2446 836 2464 :
862 2444 927 2464 οηι.
950 2432 989 2463 P¹
1011 2432 1158 2473 (senatui
1178 2431 1254 2461 1³²3
1270 2432 1352 2472 rell.)

1524 190 1560 220 26

1542 560 1558 594 κΙ

1522 756 1555 781 11

1522 1403 1559 1432 28

1516 1994 1554 2026 ²9
