1774 2782
111 852 149 876 10

111 1504 150 1525 20

347 144 456 183 PRO
488 145 531 181 L.
564 144 855 183 CORNELIO
888 144 1069 182 BALBO
1100 144 1315 182 ORATIO
1450 152 1492 189 14

170 261 228 290 est
255 251 369 302 igitur
396 252 436 289 in
458 252 614 290 foedere
642 251 850 300 Gaditano,
875 265 924 290 ne
949 265 1066 301 quem
1089 253 1255 302 populus
1286 253 1490 290 Romanus

171 316 411 356 Gaditanum
439 317 598 367 recipiat
625 317 809 355 civitate?
867 319 1084 366 Nusquam.
1144 319 1203 355 Ac
1231 317 1354 355 sicubi
1377 326 1488 364 esset,

169 383 229 420 lex
250 381 289 420 id
311 381 437 420 Gellia
458 389 495 420 et
517 381 710 428 Cornelia,
734 394 835 432 quae
856 382 1018 420 definite
1044 390 1276 432 potestatem
1303 383 1492 433 Pompeio

169 446 365 485 civitatem
387 446 561 485 donandi
583 447 760 493 dederat,
780 447 1007 485 sustulisset.
1063 449 1330 496 ‘Exceptum,'
1352 447 1488 497 inquit,

169 514 251 549 ‘est
276 512 425 557 foedus,
452 511 491 548 S1
523 523 624 555 Qv1D
651 523 977 550 SACROSANCTVM
1007 513 1102 550 13sT.'
1161 514 1331 561 Ignosco
1352 512 1433 558 tibi,
1460 512 1490 549 si

169 588 298 625 neque
338 578 561 614 Poenorum
600 576 682 614 iura
721 578 838 615 calles
877 577 1102 628 (reliqueras
1146 577 1250 615 enim
1294 577 1489 615 civitatem

168 641 296 692 tuam)
317 654 445 691 neque
465 650 616 679 nostras
638 641 796 691 potuisti
826 643 928 692 leges
956 642 1172 691 inspicere3
1201 643 1307 691 ipsae
1328 642 1431 680 enim
1454 650 1490 680 te

168 722 191 747 a
211 708 435 758 cognitione
456 722 524 747 sua
545 709 691 747 iudicio
718 709 879 759 publico
906 711 1167 759 reppulerunt.
1228 709 1335 757 Quid
1361 709 1430 747 fuit
1452 709 1490 746 in

168 773 369 823 rogatione
397 787 442 812 ea
469 787 570 823 quae
597 775 648 812 de
678 774 870 824 Pompeio
889 788 911 812 a
943 774 1071 812 Gellio
1098 782 1136 812 et
1162 788 1184 812 a
1212 776 1381 813 Lentulo
1402 788 1491 811 con-

169 837 318 876 sulibus
352 839 429 876 lata
467 846 537 885 est,
574 838 613 876 in
648 852 727 888 quo
765 839 913 888 aliquid
953 847 1243 876 sacrosanctum
1284 848 1489 888 exceptum

168 903 391 941 videretur?
450 902 623 940 Primum
657 903 763 941 enim
795 911 1084 942 sacrosanctum
1117 916 1200 942 esse
1234 903 1330 941 nihil
1364 912 1490 953 potest

168 967 241 1006 nisi
271 969 379 1017 quod
411 969 579 1018 populus
609 968 794 1017 plebesve
824 968 972 1015 sanxit;
1011 968 1155 1006 deinde
1185 968 1406 1006 sanctiones
1436 982 1491 1006 sa-

168 1034 337 1071 crandae
364 1040 454 1070 sunt
480 1040 547 1071 aut
573 1046 715 1082 genere
742 1033 828 1082 ipso
852 1041 917 1070 aut
945 1034 1207 1071 obtestatione
1235 1041 1272 1071 et
1293 1047 1491 1072 consecra-

168 1099 275 1136 tione
304 1097 398 1147 legis
428 1105 495 1136 aut
526 1110 688 1147 poenae,
718 1111 808 1135 cum
839 1106 956 1147 caput
986 1098 1068 1136 eius
1099 1098 1164 1147 qui
1195 1106 1329 1136 contra
1359 1100 1491 1137 fecerit

167 1170 428 1200 consecratur.
488 1161 597 1211 Quid
614 1162 735 1201 habes
757 1162 871 1212 igitur
892 1164 1020 1201 dicere
1042 1164 1092 1201 de
1113 1162 1312 1201 Gaditano
1334 1165 1491 1202 foedere

167 1227 250 1266 eius
289 1227 426 1266 modi?
466 1235 596 1265 utrum
631 1227 767 1277 capitis
806 1228 1100 1266 consecratione
1139 1242 1189 1265 an
1228 1228 1491 1267 obtestatione

167 1292 261 1342 legis
283 1301 575 1330 sacrosanctum
596 1305 682 1331 esse
703 1293 940 1330 confirmas?
989 1292 1096 1330 Nihil
1118 1292 1281 1330 omnino
1302 1306 1487 1342 umquam

168 1359 218 1396 de
252 1357 327 1396 isto
358 1359 516 1396 foedere
547 1359 597 1396 ad
627 1359 830 1408 populum,
862 1357 958 1394 nihil
988 1358 1038 1395 ad
1066 1358 1224 1406 plebem
1255 1360 1375 1396 latum
1406 1372 1491 1397 esse

168 1435 298 1472 neque
331 1424 457 1472 legem
490 1435 619 1471 neque
651 1435 820 1472 poenam
851 1430 1117 1460 consecratam
1151 1436 1234 1460 esse
1267 1423 1368 1461 dico.
1430 1426 1490 1461 De

168 1487 311 1537 quibus
327 1486 441 1537 igitur
456 1486 572 1525 etiam
588 1486 618 1524 si
632 1488 754 1524 latum
768 1495 869 1525 esset
883 1499 932 1525 ne
945 1500 1062 1536 quem
1077 1486 1201 1525 civem
1219 1487 1488 1537 reciperemus,

169 1560 302 1590 tamen
333 1551 373 1589 id
404 1559 505 1589 esset
539 1552 647 1600 quod
682 1558 818 1600 postea
849 1552 1017 1601 populus
1049 1551 1220 1589 iussisset
1250 1560 1386 1599 ratum,
1418 1566 1490 1590 nec

169 1615 380 1665 quicquam
403 1615 475 1654 illis
497 1614 624 1653 verbis
652 1616 692 1653 S1
716 1627 816 1659 Qvio
838 1627 1165 1654 SACROSANCTVM
1190 1628 1261 1653 EST
1285 1624 1490 1666 exceptum

169 1680 373 1727 videretur,
411 1681 462 1718 de
500 1679 555 1725 iis,
593 1693 682 1718 curn
723 1682 892 1730 populus
928 1683 1133 1718 Romanus
1170 1681 1264 1718 nihil
1303 1695 1489 1731 umquam

170 1745 331 1792 iusserit,
354 1744 565 1795 quicquam
587 1745 710 1783 audes
734 1744 864 1784 dicere
892 1754 1182 1784 sacrosanctum
1204 1745 1350 1784 fuisse?
1406 1748 1443 1784 N
1448 1760 1491 1785 ec

216 1858 228 1877 1
250 1849 282 1878 in
296 1848 402 1888 suppl.
417 1848 526 1878 Halm
539 1859 544 1877 :
557 1853 735 1887 exceptum
748 1848 834 1880 Hbs-
844 1849 889 1879 ed.
904 1849 961 1881 R:
977 1850 1009 1879 in
1023 1850 1110 1879 foed.
1127 1849 1209 1880 Gad.
1221 1855 1397 1888 exceptum
1412 1850 1496 1880 Rczd

170 1903 189 1930 4
214 1892 348 1922 civitate
365 1892 443 1921 coni.
464 1891 610 1931 Mueller,
619 1892 700 1930 sort.
719 1895 795 1922 recle
963 1902 981 1930 5
1006 1893 1032 1922 si
1052 1894 1130 1931 quid
1147 1893 1164 1921 b
1186 1892 1232 1922 ed.
1257 1892 1292 1923 V.
1313 1895 1341 1928 (ξ
1360 1902 1401 1931 33
1435 1905 1440 1922 :
1465 1894 1491 1923 si

171 1936 306 1974 quidem
328 1934 417 1964 codd.
579 1944 617 1965 10
650 1935 682 1964 in
708 1945 773 1973 quo
797 1935 919 1974 aliquid
942 1935 1194 1974 Pantagathus:
1225 1936 1255 1965 in
1280 1946 1343 1974 qua
1367 1936 1492 1974 aliquid

170 1978 290 2009 HG2b2
317 1978 349 2008 in
366 1988 431 2017 qua
448 1977 557 2016 aliqua
574 1978 699 2016 aliquid
718 1979 778 2009 rell.
893 1986 1138 2009 sacrosanctum
1156 1979 1223 2008 secl.
1243 1977 1367 2016 Mada,
1387 1982 1493 2008 tuelttr

174 2021 256 2051 Reid
412 2031 448 2050 12
473 2021 584 2052 sanxit
601 2021 713 2052 Madv.
733 2033 738 2051 τ
763 2022 931 2053 sanxisset
949 2022 1037 2052 codd.
1054 2033 1060 2051 :
1075 2023 1155 2061 fort,
1177 2023 1328 2052 sanxerit
1346 2025 1400 2060 (nl
1415 2022 1434 2052 l.
1457 2032 1492 2060 ¹4

171 2065 249 2095 fecit
266 2063 352 2095 codd.
367 2068 428 2103 pro
446 2064 578 2103 fecerit)
684 2075 720 2103 13
746 2066 834 2100 †aut
852 2075 978 2103 genere
997 2066 1071 2104 ipso
1089 2065 1223 2095 Brrr'tcr:
1249 2064 1304 2095 scd
1321 2066 1357 2103 cf
1378 2065 1415 2095 de
1433 2064 1489 2097 Or.

171 2108 204 2146 ii,
233 2110 267 2144 ἐξ
290 2118 356 2145 103,
378 2109 442 2145 306
543 2113 644 2146 atque
669 2109 734 2138 obt.
764 2108 812 2148 [et
838 2108 1007 2148 consecr.]
1034 2109 1116 2146 legis
1140 2114 1196 2138 aut
1221 2119 1329 2147 poena
1356 2107 1494 2139 Madv.:

171 2161 299 2190 poenae
317 2151 574 2181 denuntiatione
592 2149 734 2181 Lz·c·bl›ert
749 2162 754 2181 :
772 2162 869 2190 poen.
888 2152 1090 2189 irrogatione
1112 2150 1226 2191 Lange
1281 2151 1375 2181 Num
1393 2156 1493 2191 atquc

171 2195 322 2233 poenae?
458 2195 497 2224 16
521 2194 640 2233 capitis
664 2194 744 2224 Ant.
767 2195 881 2233 Aug:
912 2205 930 2224 a
954 2195 1072 2233 capitis
1095 2194 1183 2224 codd.
1321 2204 1357 2233 19
1382 2205 1492 2234 neque

171 2238 281 2276 legem
307 2261 314 2268 .
340 2261 347 2267 .
374 2262 380 2268 .
406 2247 556 2269 consecr.
583 2247 658 2267 esse
686 2237 772 2267 codd.
800 2238 918 2267 habent
943 2241 1019 2276 post
1044 2237 1144 2267 latum
1172 2242 1260 2267 essct
1288 2238 1307 2267 l.
1333 2248 1396 2268 20:
1420 2242 1495 2277 pos¹

171 2282 244 2311 dico
270 2280 384 2311 conloc.
411 2279 560 2312 Emesa:
591 2291 656 2310 om.
685 2280 771 2310 Reid
877 2286 1110 2310 consecratam
1135 2281 1292 2310 Mueller:
1327 2287 1492 2311 sacratam

170 2323 280 2354 Paul:
305 2329 434 2362 gratam
459 2323 547 2354 codd.
574 2327 694 2356 (ratam
720 2324 779 2361 ὸς,
801 2328 926 2362 gratam
951 2324 1001 2353 vel
1027 2329 1130 2353 ratam
1147 2324 1224 2354 Par.
1247 2331 1367 2362 7774J:
1393 2324 1491 2355 latam

171 2367 351 2406 Angelius:
393 2372 540 2406 rogatam
569 2366 681 2397 Madv.
810 2378 850 2396 20
875 2368 974 2396 ctiam
1007 2366 1107 2405 igitur
1137 2367 1163 2396 si
1197 2366 1258 2396 PB
1378 2378 1417 2397 22
1442 2373 1493 2398 cst

171 2411 302 2449 scripSt':
328 2416 419 2440 esset
433 2420 508 2440 csse
526 2410 613 2440 codd.
633 2422 639 2440 2
665 2416 804 2440 estesse
820 2409 889 2440 cdd.

217 2474 279 2495 crc.
300 2475 399 2495 BALB.
1369 2467 1406 2495 13

1512 155 1551 187 32

1512 721 1550 751 33

1512 1718 1554 1756 Ϊ5

1514 1779 1551 1809 3⁴
