1774 2782
233 162 292 198 IN
326 162 365 198 P.
400 161 687 198 VATINIVM
718 162 942 199 TESTEM
976 160 1413 199 INTERROGATIO
1465 170 1489 207 5

167 270 352 308 monibus
385 283 431 308 ac
466 270 678 309 visceribus
714 271 941 309 haerebunt.
1000 273 1050 309 Et
1089 270 1277 320 quoniam
1313 269 1489 307 omnium

165 348 293 373 rerum
318 348 547 384 magnarum
577 336 628 373 ab
658 335 718 374 dis
749 335 1033 374 immortalibus
1064 335 1253 385 principia
1280 336 1488 380 ducuntur,

165 401 255 438 volo
276 408 317 438 ut
340 399 434 437 mihi
456 401 694 450 respondeas
716 408 770 447 tu,
789 400 856 450 qui
877 408 914 439 te
932 401 1215 450 Pythagoreum
1238 400 1340 438 soles
1362 398 1490 437 dicere

165 472 203 503 et
235 464 405 503 hominis
440 465 656 504 doctissimi
689 479 835 504 nomen
868 465 943 503 tuis
976 465 1214 503 immanibus
1246 472 1283 503 et
1318 464 1489 511 barbaris

127 547 144 579 5
166 529 341 568 moribus
361 532 627 580 praetendere,
651 544 752 581 quae
773 539 811 570 te
832 538 939 569 tanta
960 531 1125 581 pravitas
1148 530 1289 569 mentis
1311 529 1488 575 tenuerit,

164 594 232 645 qui
253 603 384 633 tantus
405 597 509 634 furor
529 604 582 642 ut,
601 609 691 633 cum
714 595 890 634 inaudita
905 610 950 634 ac
971 596 1117 634 nefaria
1133 609 1240 634 sacra
1260 594 1488 644 susceperis,

164 673 256 698 cum
290 660 502 698 inferorum
534 660 684 698 animas
717 661 867 707 elicere,
902 675 992 699 cum
1025 674 1234 710 puerorum
1267 661 1363 698 extis
1395 661 1490 698 deos

165 724 291 763 manis
325 732 496 763 mactare
527 727 663 771 soleas,
695 725 870 775 auspicia
904 726 1047 776 quibus
1080 727 1175 764 haec
1208 725 1300 764 urbs
1332 725 1492 763 condita

166 798 235 837 est,
259 789 401 839 quibus
423 792 551 828 omnis
573 804 632 829 res
660 791 819 840 publica
844 798 962 840 atque
986 790 1194 840 imperium
1215 797 1377 836 tenetur,
1402 803 1492 828 con-

107 874 149 896 10
167 856 382 905 tempseriS,
405 854 596 905 initioque
626 856 845 894 tribunatus
876 855 932 894 tui
962 856 1113 894 senatui
1144 854 1386 894 denuntiaris
1415 855 1491 893 tuis

165 920 388 959 actionibus
403 933 593 970 augurum
610 934 797 970 responsa
812 928 930 970 atque
948 920 1030 959 eius
1048 919 1201 969 conlegi
1221 919 1490 969 adrogantiam

165 985 452 1036 impedimento
472 999 552 1024 non
574 987 731 1024 futura?
787 987 1013 1025 Secundum
1039 999 1084 1024 ea
1111 998 1257 1035 quaero
1278 983 1490 1023 servarisne

165 1051 204 1088 in
226 1064 273 1089 eo
302 1051 453 1089 fidem?
482 1064 577 1088 num
606 1051 767 1100 quando
794 1050 863 1089 tibi
892 1064 1040 1088 moram
1070 1049 1240 1088 attulerit
1261 1063 1341 1099 quo
1363 1048 1491 1086 minus

165 1115 376 1155 concilium
397 1117 609 1154 advocares
637 1117 844 1166 legemque
865 1117 991 1162 ferres,
1015 1116 1123 1165 quod
1144 1128 1192 1153 eo
1219 1114 1283 1153 die
1304 1114 1419 1152 scires
1440 1115 1491 1152 de

107 1197 144 1228 15
166 1182 276 1219 caelo
296 1194 381 1219 esse
401 1182 626 1219 servatum?
674 1182 725 1218 Et
746 1179 934 1230 quoniam
956 1179 1019 1218 hic
1040 1181 1149 1218 locus
1170 1186 1228 1218 est
1250 1192 1349 1216 unus
1371 1191 1490 1227 quem

165 1245 236 1284 tibi
268 1258 357 1283 cum
390 1246 557 1284 Caesare
587 1258 842 1283 communem
872 1258 956 1284 esse
991 1245 1109 1291 dicas,
1142 1244 1342 1293 seiungam
1372 1251 1410 1282 te
1438 1243 1489 1281 ab

166 1310 242 1356 illo,
266 1323 346 1347 non
368 1311 494 1348 solum
516 1309 569 1348 rei
590 1309 771 1360 publicae
793 1323 910 1348 causa
929 1323 1063 1348 verum
1091 1309 1207 1347 etiam
1229 1308 1417 1355 Caesaris,
1440 1322 1491 1346 ne

165 1388 243 1425 qua
264 1387 310 1413 ex
331 1383 397 1412 tua
418 1388 572 1412 summa
599 1374 831 1424 indignitate
856 1375 964 1412 labes
985 1373 1085 1411 illius
1106 1372 1284 1422 dignitati
1305 1374 1489 1422 adspersa

165 1439 353 1478 videatur.
412 1439 586 1477 Primum
618 1452 764 1489 quaero
798 1453 893 1479 num
926 1446 968 1476 tu
1003 1438 1154 1477 senatui
1190 1451 1347 1476 causam
1381 1446 1487 1476 tuam

108 1522 148 1544 20
166 1503 378 1554 permittas,
411 1505 520 1554 quod
549 1503 639 1542 facit
670 1505 841 1542 Caesar?
885 1503 1040 1550 deinde,
1073 1516 1174 1553 quae
1204 1503 1251 1541 sit
1280 1502 1489 1541 auctoritas

166 1569 249 1608 eius
283 1568 350 1619 qui
385 1582 426 1607 se
460 1568 616 1607 alterius
651 1570 765 1615 facto,
803 1581 884 1607 non
918 1582 990 1607 suo
1022 1569 1237 1607 defendat?
1279 1567 1490 1614 deindeff—

165 1642 344 1684 erumpet
379 1634 483 1672 enim
514 1634 729 1684 aliquando
763 1647 809 1671 ex
850 1647 913 1671 me
945 1647 1034 1672 vera
1068 1646 1142 1671 vox
1173 1640 1210 1670 et
1242 1632 1371 1670 dicam
1407 1632 1489 1669 sine

165 1699 417 1738 cunctatione
451 1700 560 1749 quod
594 1698 823 1746 sentio‚——si
858 1698 934 1736 iam
966 1697 1171 1737 violentior
1203 1697 1334 1746 aliqua
1372 1696 1412 1734 in
1451 1711 1490 1734 re

166 1766 210 1805 C.
235 1766 380 1805 Caesar
406 1764 551 1812 fuisset,
576 1764 606 1803 si
634 1778 724 1803 eum
753 1764 984 1814 magnitudo
1011 1762 1285 1809 contentionis,
1316 1762 1488 1800 studium

107 1846 145 1878 25
164 1830 320 1881 gloriae,
349 1838 550 1880 praestans
577 1829 742 1877 animus,
771 1831 965 1869 excellens
995 1828 1179 1868 nobilitas
1208 1828 1339 1878 aliquo
1368 1827 1488 1877 impu-

165 1897 281 1943 lisset,
305 1897 413 1946 quod
438 1895 477 1933 in
505 1895 572 1934 illo
598 1895 680 1934 viro
707 1903 745 1934 et
775 1903 859 1934 tum
888 1897 1092 1934 ferendum
1123 1902 1223 1933 esset
1248 1901 1285 1932 et
1313 1893 1490 1931 maximis

164 1961 280 1999 rebus
307 1974 404 2011 quas
428 1969 565 2010 postea
591 1960 709 2011 gessit
738 1960 1056 2007 oblitterandum,
1080 1960 1119 1999 id
1145 1968 1185 1998 tu
1213 1958 1294 2006 tibi,
1324 1958 1486 2004 furcifer,

165 2039 306 2073 sumes,
322 2034 360 2065 et
376 2026 509 2064 Vatini
530 2026 690 2064 latronis
709 2039 755 2064 ac
776 2025 949 2076 sacrilegi
971 2040 1046 2064 vox
1065 2025 1244 2063 audietur
1264 2025 1339 2062 hoc
1360 2030 1489 2072 postu-

163 2090 289 2138 lantis,
313 2098 355 2129 ut
375 2090 480 2130 idem
502 2090 576 2130 sibi
597 2092 837 2130 concedatur
858 2091 967 2141 quod
992 2089 1177 2130 Caesari?
1235 2089 1296 2127 Sic
1317 2088 1421 2127 enim
1443 2102 1488 2126 ex

108 2171 146 2202 30
165 2163 202 2193 te
227 2169 382 2205 quaero.
441 2155 641 2194 Tribunus
671 2155 797 2206 plebis
823 2155 1157 2204 fuisti,-seiunge
1185 2163 1223 2193 te
1252 2168 1275 2192 a
1303 2154 1487 2191 consule:

164 2221 345 2270 conlegas
366 2220 535 2259 habuisti
553 2220 653 2259 viros
675 2221 782 2259 fortis
804 2233 957 2259 novem.
1019 2221 1078 2257 Ex
1098 2219 1142 2257 iis
1164 2227 1239 2257 tres
1260 2226 1368 2256 erant
1389 2230 1487 2267 quos

207 2333 227 2362 3
261 2322 509 2362 Pythagoreum
535 2322 663 2354 Sclzol.:
700 2322 958 2361 Pythagoricum
982 2323 1015 2352 P
1037 2323 1100 2352 rell.
1247 2322 1267 2350 6
1299 2320 1488 2358 susceperis

164 2365 273 2396 BEG:
290 2367 481 2406 succeperis
493 2365 526 2396 P
614 2376 652 2396 12
674 2367 862 2396 servarisne
880 2378 911 2398 s:
935 2376 1116 2397 servarene
1133 2365 1253 2394 PBEG
1347 2374 1382 2402 ¹5
1403 2373 1487 2393 unus

165 2414 216 2439 est
233 2409 287 2440 Hs
418 2420 457 2449 31
484 2410 525 2440 iis
543 2409 575 2439 P
589 2410 696 2441 Sclzol.
714 2422 719 2440 :
747 2410 798 2439 his
815 2410 890 2440 st
978 2415 1046 2440 tres
1064 2420 1129 2439 om.
1151 2407 1255 2438 Scl1ol.

1513 174 1548 203 13

1511 237 1538 273 6

1514 306 1549 336 14

1514 2122 1552 2154 16
